<?xml version="1.0" encoding="UTF-8"?>
<!DOCTYPE html PUBLIC "-//W3C//DTD XHTML 1.0 Transitional//EN"
    "http://www.w3.org/TR/xhtml1/DTD/xhtml1-transitional.dtd">
<html xmlns="http://www.w3.org/1999/xhtml" xml:lang="en" lang="en">
 <head>
  <title>
</title>
<meta http-equiv="Content-Type" content="text/html;charset=utf-8" />
  <meta name='ocr-system' content='tesseract 3.04.00' />
  <meta name='ocr-capabilities' content='ocr_page ocr_carea ocr_par ocr_line ocrx_word'/>
</head>
<body>
  <div class='ocr_page' id='page_1' title='image "./qhoratiiflaccio04unkngoog_0424.png"; bbox 0 0 3109 4817; ppageno 0'>
   <div class='ocr_carea' id='block_1_1' title="bbox 670 203 1998 269">
    <p class='ocr_par' dir='ltr' id='par_1_1' title="bbox 670 203 1998 269">
     <span class='ocr_line' id='line_1_1' title="bbox 670 203 1998 269; baseline 0.002 -3"><span class='ocrx_word' id='word_1_1' title='bbox 670 203 795 266; x_wconf 85' lang='lat'>380</span> <span class='ocrx_word' id='word_1_2' title='bbox 1534 203 1998 269; x_wconf 84' lang='lat' dir='ltr'><strong>HORATII</strong></span> 
     </span>
    </p>
   </div>
   <div class='ocr_carea' id='block_1_2' title="bbox 663 379 2924 1933">
    <p class='ocr_par' dir='ltr' id='par_1_2' title="bbox 663 379 2233 464">
     <span class='ocr_line' id='line_1_2' title="bbox 663 379 2233 464; baseline 0 -20"><span class='ocrx_word' id='word_1_3' title='bbox 663 381 925 445; x_wconf 87' lang='lat' dir='ltr'>discunt</span> <span class='ocrx_word' id='word_1_4' title='bbox 952 380 1020 443; x_wconf 90' lang='lat' dir='ltr'>in</span> <span class='ocrx_word' id='word_1_5' title='bbox 1052 379 1256 464; x_wconf 82' lang='lat' dir='ltr'>partis</span> <span class='ocrx_word' id='word_1_6' title='bbox 1286 387 1551 443; x_wconf 89' lang='lat' dir='ltr'>centum</span> <span class='ocrx_word' id='word_1_7' title='bbox 1581 379 1908 445; x_wconf 77' lang='lat' dir='ltr'>diducere.</span> <span class='ocrx_word' id='word_1_8' title='bbox 2016 385 2035 414; x_wconf 92' lang='lat'>‘</span> <span class='ocrx_word' id='word_1_9' title='bbox 2056 381 2233 444; x_wconf 90' lang='lat' dir='ltr'>dicat</span> 
     </span>
    </p>

    <p class='ocr_par' dir='ltr' id='par_1_3' title="bbox 666 492 2130 577">
     <span class='ocr_line' id='line_1_3' title="bbox 666 492 2130 577; baseline 0 -21"><span class='ocrx_word' id='word_1_10' title='bbox 666 493 837 556; x_wconf 87' lang='lat' dir='ltr'>filius</span> <span class='ocrx_word' id='word_1_11' title='bbox 867 492 1117 570; x_wconf 86' lang='lat' dir='ltr'>Albini,</span> <span class='ocrx_word' id='word_1_12' title='bbox 1151 492 1206 556; x_wconf 88' lang='lat' dir='ltr'>si</span> <span class='ocrx_word' id='word_1_13' title='bbox 1237 492 1320 556; x_wconf 89' lang='lat' dir='ltr'>de</span> <span class='ocrx_word' id='word_1_14' title='bbox 1353 492 1714 577; x_wconf 83' lang='lat' dir='ltr'><strong>quincunce</strong></span> <span class='ocrx_word' id='word_1_15' title='bbox 1745 500 1996 556; x_wconf 88' lang='lat' dir='ltr'>remota</span> <span class='ocrx_word' id='word_1_16' title='bbox 2026 500 2130 556; x_wconf 90' lang='lat' dir='ltr'>est</span> 
     </span>
    </p>

    <p class='ocr_par' dir='ltr' id='par_1_4' title="bbox 668 605 2726 804">
     <span class='ocr_line' id='line_1_4' title="bbox 668 605 2726 691; baseline 0 -23"><span class='ocrx_word' id='word_1_17' title='bbox 668 606 879 684; x_wconf 88' lang='lat' dir='ltr'>uncia,</span> <span class='ocrx_word' id='word_1_18' title='bbox 913 605 1069 691; x_wconf 90' lang='lat' dir='ltr'>quid</span> <span class='ocrx_word' id='word_1_19' title='bbox 1101 613 1367 690; x_wconf 87' lang='lat' dir='ltr'>superat</span> <span class='ocrx_word' id='word_1_20' title='bbox 1393 606 1419 670; x_wconf 75' lang='grc' dir='ltr'>Ρ</span> <span class='ocrx_word' id='word_1_21' title='bbox 1467 612 1730 689; x_wconf 82' lang='lat' dir='ltr'>poteras</span> <span class='ocrx_word' id='word_1_22' title='bbox 1759 605 2002 670; x_wconf 86' lang='lat' dir='ltr'>dixisse</span> <span class='ocrx_word' id='word_1_23' title='bbox 2021 607 2066 669; x_wconf 85' lang='lat'>&#39;.</span> <span class='ocrx_word' id='word_1_24' title='bbox 2171 611 2188 639; x_wconf 92' lang='lat'>‘</span> <span class='ocrx_word' id='word_1_25' title='bbox 2211 605 2467 670; x_wconf 87' lang='lat' dir='ltr'>triens’.</span> <span class='ocrx_word' id='word_1_26' title='bbox 2575 612 2594 638; x_wconf 91' lang='lat'>‘</span> <span class='ocrx_word' id='word_1_27' title='bbox 2617 628 2726 669; x_wconf 89' lang='lat' dir='ltr'>eu.</span> 
     </span>
     <span class='ocr_line' id='line_1_5' title="bbox 671 719 2505 804; baseline 0.001 -23"><span class='ocrx_word' id='word_1_28' title='bbox 671 741 812 782; x_wconf 88' lang='lat' dir='ltr'>rem</span> <span class='ocrx_word' id='word_1_29' title='bbox 840 719 1085 803; x_wconf 90' lang='lat' dir='ltr'>poteris</span> <span class='ocrx_word' id='word_1_30' title='bbox 1116 740 1377 783; x_wconf 87' lang='lat' dir='ltr'>servare</span> <span class='ocrx_word' id='word_1_31' title='bbox 1406 725 1610 782; x_wconf 89' lang='lat' dir='ltr'>tuam.</span> <span class='ocrx_word' id='word_1_32' title='bbox 1713 719 1886 782; x_wconf 85' lang='lat' dir='ltr'>redit</span> <span class='ocrx_word' id='word_1_33' title='bbox 1915 719 2127 797; x_wconf 88' lang='lat' dir='ltr'>uncia,</span> <span class='ocrx_word' id='word_1_34' title='bbox 2163 719 2318 804; x_wconf 91' lang='lat' dir='ltr'>quid</span> <span class='ocrx_word' id='word_1_35' title='bbox 2347 720 2423 783; x_wconf 90' lang='lat' dir='ltr'>fit</span> <span class='ocrx_word' id='word_1_36' title='bbox 2445 720 2505 783; x_wconf 86' lang='lat'>?’</span> 
     </span>
    </p>

    <p class='ocr_par' dir='ltr' id='par_1_5' title="bbox 667 832 2896 1029">
     <span class='ocr_line' id='line_1_6' title="bbox 670 832 2896 917; baseline -0.001 -22"><span class='ocrx_word' id='word_1_37' title='bbox 670 837 689 866; x_wconf 90' lang='lat'>‘</span> <span class='ocrx_word' id='word_1_38' title='bbox 714 832 909 896; x_wconf 71' lang='lat' dir='ltr'>nemis</span> <span class='ocrx_word' id='word_1_39' title='bbox 928 833 965 897; x_wconf 92' lang='lat'>&#39;.</span> <span class='ocrx_word' id='word_1_40' title='bbox 1075 855 1182 911; x_wconf 88' lang='lat' dir='ltr'>an,</span> <span class='ocrx_word' id='word_1_41' title='bbox 1214 832 1375 896; x_wconf 87' lang='lat' dir='ltr'>haec</span> <span class='ocrx_word' id='word_1_42' title='bbox 1405 833 1655 895; x_wconf 90' lang='lat' dir='ltr'>animos</span> <span class='ocrx_word' id='word_1_43' title='bbox 1686 852 1931 917; x_wconf 84' lang='lat' dir='ltr'>aerugo</span> <span class='ocrx_word' id='word_1_44' title='bbox 1963 838 2032 895; x_wconf 90' lang='lat' dir='ltr'>et</span> <span class='ocrx_word' id='word_1_45' title='bbox 2059 853 2213 894; x_wconf 86' lang='lat' dir='ltr'>cura</span> <span class='ocrx_word' id='word_1_46' title='bbox 2243 832 2454 917; x_wconf 87' lang='lat' dir='ltr'>peculi</span> <span class='ocrx_word' id='word_1_47' title='bbox 2791 860 2896 906; x_wconf 88' lang='grc' dir='ltr'>33ο</span> 
     </span>
     <span class='ocr_line' id='line_1_7' title="bbox 667 944 2276 1029; baseline -0.001 -22"><span class='ocrx_word' id='word_1_48' title='bbox 667 967 814 1007; x_wconf 90' lang='lat' dir='ltr'>cum</span> <span class='ocrx_word' id='word_1_49' title='bbox 845 945 1046 1008; x_wconf 88' lang='lat' dir='ltr'>semel</span> <span class='ocrx_word' id='word_1_50' title='bbox 1072 944 1404 1020; x_wconf 90' lang='lat' dir='ltr'>imbuerit,</span> <span class='ocrx_word' id='word_1_51' title='bbox 1436 965 1773 1029; x_wconf 89' lang='lat' dir='ltr'>speramus</span> <span class='ocrx_word' id='word_1_52' title='bbox 1803 944 2088 1008; x_wconf 84' lang='lat' dir='ltr'>carmina</span> <span class='ocrx_word' id='word_1_53' title='bbox 2115 944 2276 1029; x_wconf 84' lang='lat' dir='ltr'>fingi</span> 
     </span>
    </p>

    <p class='ocr_par' dir='ltr' id='par_1_6' title="bbox 670 1057 2373 1152">
     <span class='ocr_line' id='line_1_8' title="bbox 670 1057 2373 1152; baseline -0.001 -31"><span class='ocrx_word' id='word_1_54' title='bbox 670 1079 861 1142; x_wconf 88' lang='lat' dir='ltr'>posse</span> <span class='ocrx_word' id='word_1_55' title='bbox 890 1058 1156 1152; x_wconf 75' lang='lat' dir='ltr'>linenda.</span> <span class='ocrx_word' id='word_1_56' title='bbox 1184 1057 1379 1121; x_wconf 89' lang='lat' dir='ltr'>cedro</span> <span class='ocrx_word' id='word_1_57' title='bbox 1406 1065 1475 1121; x_wconf 88' lang='lat' dir='ltr'>et</span> <span class='ocrx_word' id='word_1_58' title='bbox 1503 1057 1635 1120; x_wconf 88' lang='lat' dir='ltr'>levi</span> <span class='ocrx_word' id='word_1_59' title='bbox 1665 1057 1988 1121; x_wconf 85' lang='lat' dir='ltr'>servanda</span> <span class='ocrx_word' id='word_1_60' title='bbox 2015 1058 2373 1142; x_wconf 81' lang='lat' dir='ltr'>cupresso?</span> 
     </span>
    </p>

    <p class='ocr_par' dir='ltr' id='par_1_7' title="bbox 674 1169 2199 1255">
     <span class='ocr_line' id='line_1_9' title="bbox 674 1169 2199 1255; baseline 0.001 -22"><span class='ocrx_word' id='word_1_61' title='bbox 674 1177 789 1234; x_wconf 88' lang='lat' dir='ltr'>aut</span> <span class='ocrx_word' id='word_1_62' title='bbox 817 1169 1128 1255; x_wconf 81' lang='lat' dir='ltr'>prodesse</span> <span class='ocrx_word' id='word_1_63' title='bbox 1158 1171 1411 1248; x_wconf 86' lang='lat' dir='ltr'>volunt,</span> <span class='ocrx_word' id='word_1_64' title='bbox 1444 1177 1562 1234; x_wconf 86' lang='lat' dir='ltr'>aut</span> <span class='ocrx_word' id='word_1_65' title='bbox 1590 1170 1914 1234; x_wconf 77' lang='lat' dir='ltr'>delectare</span> <span class='ocrx_word' id='word_1_66' title='bbox 1946 1177 2199 1254; x_wconf 81' lang='lat' dir='ltr'>poetae,</span> 
     </span>
    </p>

    <p class='ocr_par' dir='ltr' id='par_1_8' title="bbox 672 1282 2256 1348">
     <span class='ocr_line' id='line_1_10' title="bbox 672 1282 2256 1348; baseline 0 -2"><span class='ocrx_word' id='word_1_67' title='bbox 672 1290 789 1346; x_wconf 85' lang='lat' dir='ltr'>aut</span> <span class='ocrx_word' id='word_1_68' title='bbox 817 1283 1009 1348; x_wconf 89' lang='lat' dir='ltr'>simul</span> <span class='ocrx_word' id='word_1_69' title='bbox 1040 1289 1109 1346; x_wconf 91' lang='lat' dir='ltr'>et</span> <span class='ocrx_word' id='word_1_70' title='bbox 1136 1282 1419 1346; x_wconf 82' lang='lat' dir='ltr'>iucunda</span> <span class='ocrx_word' id='word_1_71' title='bbox 1448 1291 1518 1346; x_wconf 90' lang='lat' dir='ltr'>et</span> <span class='ocrx_word' id='word_1_72' title='bbox 1543 1283 1782 1347; x_wconf 79' lang='lat' dir='ltr'>idonea</span> <span class='ocrx_word' id='word_1_73' title='bbox 1811 1283 2030 1347; x_wconf 89' lang='lat' dir='ltr'>dicere</span> <span class='ocrx_word' id='word_1_74' title='bbox 2059 1283 2256 1348; x_wconf 85' lang='lat' dir='ltr'>vitae.</span> 
     </span>
    </p>

    <p class='ocr_par' dir='ltr' id='par_1_9' title="bbox 668 1394 2924 1819">
     <span class='ocr_line' id='line_1_11' title="bbox 681 1394 2924 1482; baseline 0 -23"><span class='ocrx_word' id='word_1_75' title='bbox 681 1395 988 1482; x_wconf 87' lang='lat' dir='ltr'>quicquid</span> <span class='ocrx_word' id='word_1_76' title='bbox 1019 1394 1375 1480; x_wconf 73' lang='lat' dir='ltr'>praecipeS,</span> <span class='ocrx_word' id='word_1_77' title='bbox 1408 1401 1549 1459; x_wconf 86' lang='lat' dir='ltr'>esto</span> <span class='ocrx_word' id='word_1_78' title='bbox 1581 1395 1825 1473; x_wconf 44' lang='lat' dir='ltr'>brevi&amp;</span> <span class='ocrx_word' id='word_1_79' title='bbox 1857 1403 1934 1460; x_wconf 89' lang='lat' dir='ltr'>ut</span> <span class='ocrx_word' id='word_1_80' title='bbox 1962 1397 2093 1460; x_wconf 90' lang='lat' dir='ltr'>cito</span> <span class='ocrx_word' id='word_1_81' title='bbox 2122 1396 2300 1460; x_wconf 86' lang='lat' dir='ltr'>dicta</span> <span class='ocrx_word' id='word_1_82' title='bbox 2791 1426 2892 1474; x_wconf 81' lang='lat'>335</span> <span class='ocrx_word' id='word_1_83' title='bbox 2917 1464 2924 1473; x_wconf 63' lang='lat'>‚</span> 
     </span>
     <span class='ocr_line' id='line_1_12' title="bbox 668 1507 2234 1594; baseline 0 -21"><span class='ocrx_word' id='word_1_84' title='bbox 668 1509 1033 1594; x_wconf 71' lang='lat' dir='ltr'>percipiant</span> <span class='ocrx_word' id='word_1_85' title='bbox 1060 1507 1259 1571; x_wconf 86' lang='lat' dir='ltr'>animi</span> <span class='ocrx_word' id='word_1_86' title='bbox 1289 1508 1529 1572; x_wconf 89' lang='lat' dir='ltr'>dociles</span> <span class='ocrx_word' id='word_1_87' title='bbox 1562 1513 1961 1594; x_wconf 87' lang='lat' dir='ltr'>teneantque</span> <span class='ocrx_word' id='word_1_88' title='bbox 1989 1510 2234 1573; x_wconf 62' lang='lat' dir='ltr'>fideles</span> 
     </span>
     <span class='ocr_line' id='line_1_13' title="bbox 669 1621 2272 1707; baseline -0.001 -21"><span class='ocrx_word' id='word_1_89' title='bbox 669 1644 861 1686; x_wconf 90' lang='lat' dir='ltr'>omne</span> <span class='ocrx_word' id='word_1_90' title='bbox 893 1643 1367 1707; x_wconf 86' lang='lat' dir='ltr'>supervacuum</span> <span class='ocrx_word' id='word_1_91' title='bbox 1397 1621 1592 1705; x_wconf 89' lang='lat' dir='ltr'>pleno</span> <span class='ocrx_word' id='word_1_92' title='bbox 1623 1621 1706 1684; x_wconf 86' lang='lat' dir='ltr'>de</span> <span class='ocrx_word' id='word_1_93' title='bbox 1737 1628 2002 1706; x_wconf 78' lang='lat' dir='ltr'>pectore</span> <span class='ocrx_word' id='word_1_94' title='bbox 2030 1628 2272 1685; x_wconf 87' lang='lat' dir='ltr'>manat.</span> 
     </span>
     <span class='ocr_line' id='line_1_14' title="bbox 668 1734 2143 1819; baseline 0 -21"><span class='ocrx_word' id='word_1_95' title='bbox 668 1737 820 1799; x_wconf 86' lang='lat' dir='ltr'>ficta</span> <span class='ocrx_word' id='word_1_96' title='bbox 846 1735 1204 1819; x_wconf 80' lang='lat' dir='ltr'>voluptatis</span> <span class='ocrx_word' id='word_1_97' title='bbox 1235 1755 1428 1798; x_wconf 85' lang='lat' dir='ltr'>causa</span> <span class='ocrx_word' id='word_1_98' title='bbox 1456 1734 1592 1798; x_wconf 87' lang='lat' dir='ltr'>sint</span> <span class='ocrx_word' id='word_1_99' title='bbox 1620 1735 1917 1819; x_wconf 87' lang='lat' dir='ltr'>proxima</span> <span class='ocrx_word' id='word_1_100' title='bbox 1945 1736 2143 1812; x_wconf 71' lang='lat' dir='ltr'>veriS,</span> 
     </span>
    </p>

    <p class='ocr_par' dir='ltr' id='par_1_10' title="bbox 672 1846 2326 1933">
     <span class='ocr_line' id='line_1_15' title="bbox 672 1846 2326 1933; baseline 0 -23"><span class='ocrx_word' id='word_1_101' title='bbox 672 1870 758 1913; x_wconf 90' lang='lat' dir='ltr'>ne</span> <span class='ocrx_word' id='word_1_102' title='bbox 790 1847 1244 1933; x_wconf 88' lang='lat' dir='ltr'>quodcumque</span> <span class='ocrx_word' id='word_1_103' title='bbox 1274 1847 1438 1911; x_wconf 83' lang='lat' dir='ltr'>velit</span> <span class='ocrx_word' id='word_1_104' title='bbox 1466 1854 1696 1932; x_wconf 88' lang='lat' dir='ltr'>poscat</span> <span class='ocrx_word' id='word_1_105' title='bbox 1724 1847 1852 1912; x_wconf 84' lang='lat' dir='ltr'>sibi</span> <span class='ocrx_word' id='word_1_106' title='bbox 1881 1846 2100 1910; x_wconf 79' lang='lat' dir='ltr'>fabula</span> <span class='ocrx_word' id='word_1_107' title='bbox 2128 1847 2326 1926; x_wconf 89' lang='lat' dir='ltr'>credi,</span> 
     </span>
    </p>
   </div>
   <div class='ocr_carea' id='block_1_3' title="bbox 664 1959 3006 2044">
    <p class='ocr_par' dir='ltr' id='par_1_11' title="bbox 664 1959 3006 2044">
     <span class='ocr_line' id='line_1_16' title="bbox 664 1959 3006 2044; baseline 0 -21"><span class='ocrx_word' id='word_1_108' title='bbox 664 1982 798 2025; x_wconf 91' lang='lat' dir='ltr'>neu</span> <span class='ocrx_word' id='word_1_109' title='bbox 824 1981 1097 2044; x_wconf 77' lang='lat' dir='ltr'>pransae</span> <span class='ocrx_word' id='word_1_110' title='bbox 1130 1959 1391 2022; x_wconf 88' lang='lat' dir='ltr'>Lamiae</span> <span class='ocrx_word' id='word_1_111' title='bbox 1422 1960 1650 2023; x_wconf 85' lang='lat' dir='ltr'>vivum</span> <span class='ocrx_word' id='word_1_112' title='bbox 1682 1981 1955 2044; x_wconf 89' lang='lat' dir='ltr'>puerum</span> <span class='ocrx_word' id='word_1_113' title='bbox 1987 1961 2290 2024; x_wconf 85' lang='lat' dir='ltr'>extrahat</span> <span class='ocrx_word' id='word_1_114' title='bbox 2317 1961 2488 2024; x_wconf 77' lang='lat' dir='ltr'>alvo,</span> <span class='ocrx_word' id='word_1_115' title='bbox 2785 1991 2890 2037; x_wconf 82' lang='lat'>340</span> <span class='ocrx_word' id='word_1_116' title='bbox 2999 1983 3006 1988; x_wconf 83' lang='grc'><em>·</em></span> 
     </span>
    </p>
   </div>
   <div class='ocr_carea' id='block_1_4' title="bbox 657 2072 2876 4073">
    <p class='ocr_par' dir='ltr' id='par_1_12' title="bbox 664 2072 2226 2158">
     <span class='ocr_line' id='line_1_17' title="bbox 664 2072 2226 2158; baseline -0.001 -20"><span class='ocrx_word' id='word_1_117' title='bbox 664 2074 994 2138; x_wconf 85' lang='lat' dir='ltr'>centuriae</span> <span class='ocrx_word' id='word_1_118' title='bbox 1024 2072 1351 2137; x_wconf 88' lang='lat' dir='ltr'>seniorum</span> <span class='ocrx_word' id='word_1_119' title='bbox 1380 2072 1639 2158; x_wconf 85' lang='lat' dir='ltr'>agitant</span> <span class='ocrx_word' id='word_1_120' title='bbox 1668 2073 1962 2158; x_wconf 81' lang='lat' dir='ltr'>expertia</span> <span class='ocrx_word' id='word_1_121' title='bbox 1995 2074 2226 2158; x_wconf 84' lang='lat' dir='ltr'>frugis,</span> 
     </span>
    </p>

    <p class='ocr_par' dir='ltr' id='par_1_13' title="bbox 664 2187 2238 2271">
     <span class='ocr_line' id='line_1_18' title="bbox 664 2187 2238 2271; baseline -0.001 -20"><span class='ocrx_word' id='word_1_122' title='bbox 664 2187 820 2251; x_wconf 90' lang='lat' dir='ltr'>celsi</span> <span class='ocrx_word' id='word_1_123' title='bbox 849 2192 1269 2271; x_wconf 84' lang='lat' dir='ltr'>praetereunt</span> <span class='ocrx_word' id='word_1_124' title='bbox 1298 2193 1558 2249; x_wconf 84' lang='lat' dir='ltr'>austera</span> <span class='ocrx_word' id='word_1_125' title='bbox 1587 2194 1890 2270; x_wconf 87' lang='lat' dir='ltr'>poemata</span> <span class='ocrx_word' id='word_1_126' title='bbox 1920 2187 2238 2250; x_wconf 86' lang='lat' dir='ltr'>Ramnes:</span> 
     </span>
    </p>

    <p class='ocr_par' dir='ltr' id='par_1_14' title="bbox 662 2298 2234 2383">
     <span class='ocr_line' id='line_1_19' title="bbox 662 2298 2234 2383; baseline -0.001 -21"><span class='ocrx_word' id='word_1_127' title='bbox 662 2321 854 2363; x_wconf 86' lang='lat' dir='ltr'>omne</span> <span class='ocrx_word' id='word_1_128' title='bbox 884 2299 1037 2363; x_wconf 86' lang='lat' dir='ltr'>tulit</span> <span class='ocrx_word' id='word_1_129' title='bbox 1064 2305 1379 2383; x_wconf 83' lang='lat' dir='ltr'>punctum</span> <span class='ocrx_word' id='word_1_130' title='bbox 1412 2299 1522 2382; x_wconf 89' lang='lat' dir='ltr'>qui</span> <span class='ocrx_word' id='word_1_131' title='bbox 1556 2298 1820 2363; x_wconf 78' lang='lat' dir='ltr'>miscuit</span> <span class='ocrx_word' id='word_1_132' title='bbox 1849 2300 2009 2363; x_wconf 85' lang='lat' dir='ltr'>utile</span> <span class='ocrx_word' id='word_1_133' title='bbox 2039 2300 2234 2378; x_wconf 88' lang='lat' dir='ltr'>dulci,</span> 
     </span>
    </p>

    <p class='ocr_par' dir='ltr' id='par_1_15' title="bbox 663 2410 2176 2496">
     <span class='ocr_line' id='line_1_20' title="bbox 663 2410 2176 2496; baseline 0.001 -21"><span class='ocrx_word' id='word_1_134' title='bbox 663 2413 976 2476; x_wconf 86' lang='lat' dir='ltr'>lectorem</span> <span class='ocrx_word' id='word_1_135' title='bbox 1010 2410 1394 2474; x_wconf 86' lang='lat' dir='ltr'>delectando</span> <span class='ocrx_word' id='word_1_136' title='bbox 1423 2410 1798 2496; x_wconf 83' lang='lat' dir='ltr'>pariterque</span> <span class='ocrx_word' id='word_1_137' title='bbox 1827 2411 2176 2476; x_wconf 89' lang='lat' dir='ltr'>monendo.</span> 
     </span>
    </p>

    <p class='ocr_par' dir='ltr' id='par_1_16' title="bbox 662 2522 2876 2722">
     <span class='ocr_line' id='line_1_21' title="bbox 662 2522 2876 2602; baseline 0.001 -16"><span class='ocrx_word' id='word_1_138' title='bbox 662 2522 769 2586; x_wconf 89' lang='lat' dir='ltr'>hic</span> <span class='ocrx_word' id='word_1_139' title='bbox 798 2531 1007 2587; x_wconf 87' lang='lat' dir='ltr'>meret</span> <span class='ocrx_word' id='word_1_140' title='bbox 1034 2545 1185 2586; x_wconf 85' lang='lat' dir='ltr'>aera</span> <span class='ocrx_word' id='word_1_141' title='bbox 1220 2523 1387 2586; x_wconf 92' lang='lat' dir='ltr'>liber</span> <span class='ocrx_word' id='word_1_142' title='bbox 1420 2522 1648 2602; x_wconf 84' lang='lat' dir='ltr'>Sosiis,</span> <span class='ocrx_word' id='word_1_143' title='bbox 1679 2523 1786 2588; x_wconf 89' lang='lat' dir='ltr'>hic</span> <span class='ocrx_word' id='word_1_144' title='bbox 1817 2532 1886 2588; x_wconf 89' lang='lat' dir='ltr'>et</span> <span class='ocrx_word' id='word_1_145' title='bbox 1914 2547 2090 2589; x_wconf 85' lang='lat' dir='ltr'>mare</span> <span class='ocrx_word' id='word_1_146' title='bbox 2122 2525 2359 2588; x_wconf 88' lang='lat' dir='ltr'>transit</span> <span class='ocrx_word' id='word_1_147' title='bbox 2777 2555 2876 2602; x_wconf 80' lang='lat'>345</span> 
     </span>
     <span class='ocr_line' id='line_1_22' title="bbox 666 2636 2181 2722; baseline 0.001 -22"><span class='ocrx_word' id='word_1_148' title='bbox 666 2643 734 2700; x_wconf 91' lang='lat' dir='ltr'>et</span> <span class='ocrx_word' id='word_1_149' title='bbox 759 2637 1033 2720; x_wconf 86' lang='lat' dir='ltr'>longum</span> <span class='ocrx_word' id='word_1_150' title='bbox 1060 2643 1220 2700; x_wconf 89' lang='lat' dir='ltr'>noto</span> <span class='ocrx_word' id='word_1_151' title='bbox 1251 2636 1552 2720; x_wconf 85' lang='lat' dir='ltr'>scriptori</span> <span class='ocrx_word' id='word_1_152' title='bbox 1584 2645 1897 2722; x_wconf 87' lang='lat' dir='ltr'>prorogat</span> <span class='ocrx_word' id='word_1_153' title='bbox 1925 2659 2181 2701; x_wconf 86' lang='lat' dir='ltr'>aevum.</span> 
     </span>
    </p>

    <p class='ocr_par' dir='ltr' id='par_1_17' title="bbox 664 2748 2314 2833">
     <span class='ocr_line' id='line_1_23' title="bbox 664 2748 2314 2833; baseline 0 -21"><span class='ocrx_word' id='word_1_154' title='bbox 664 2755 820 2812; x_wconf 89' lang='lat' dir='ltr'>sunt</span> <span class='ocrx_word' id='word_1_155' title='bbox 847 2749 1086 2812; x_wconf 83' lang='lat' dir='ltr'>delicta</span> <span class='ocrx_word' id='word_1_156' title='bbox 1114 2755 1334 2811; x_wconf 90' lang='lat' dir='ltr'>tamen</span> <span class='ocrx_word' id='word_1_157' title='bbox 1368 2748 1603 2833; x_wconf 91' lang='lat' dir='ltr'>quibus</span> <span class='ocrx_word' id='word_1_158' title='bbox 1632 2749 1968 2833; x_wconf 85' lang='lat' dir='ltr'>ignovisse</span> <span class='ocrx_word' id='word_1_159' title='bbox 1998 2751 2314 2826; x_wconf 86' lang='lat' dir='ltr'>velimus;</span> 
     </span>
    </p>

    <p class='ocr_par' dir='ltr' id='par_1_18' title="bbox 661 2859 2837 3060">
     <span class='ocr_line' id='line_1_24' title="bbox 662 2859 2837 2947; baseline 0.001 -23"><span class='ocrx_word' id='word_1_160' title='bbox 662 2883 816 2924; x_wconf 85' lang='lat' dir='ltr'>nam</span> <span class='ocrx_word' id='word_1_161' title='bbox 844 2883 1057 2946; x_wconf 90' lang='lat' dir='ltr'>neque</span> <span class='ocrx_word' id='word_1_162' title='bbox 1088 2859 1331 2923; x_wconf 88' lang='lat' dir='ltr'>chorda</span> <span class='ocrx_word' id='word_1_163' title='bbox 1361 2882 1596 2924; x_wconf 88' lang='lat' dir='ltr'>sonum</span> <span class='ocrx_word' id='word_1_164' title='bbox 1625 2861 1844 2925; x_wconf 84' lang='lat' dir='ltr'>reddit</span> <span class='ocrx_word' id='word_1_165' title='bbox 1875 2883 2068 2947; x_wconf 88' lang='lat' dir='ltr'>quem</span> <span class='ocrx_word' id='word_1_166' title='bbox 2096 2863 2243 2925; x_wconf 83' lang='lat' dir='ltr'>vult</span> <span class='ocrx_word' id='word_1_167' title='bbox 2268 2884 2502 2926; x_wconf 82' lang='lat' dir='ltr'>manus</span> <span class='ocrx_word' id='word_1_168' title='bbox 2534 2870 2602 2927; x_wconf 89' lang='lat' dir='ltr'>et</span> <span class='ocrx_word' id='word_1_169' title='bbox 2629 2886 2837 2942; x_wconf 82' lang='lat' dir='ltr'>mens,</span> 
     </span>
     <span class='ocr_line' id='line_1_25' title="bbox 661 2973 2353 3060; baseline -0.001 -21"><span class='ocrx_word' id='word_1_170' title='bbox 661 2973 1085 3060; x_wconf 88' lang='lat' dir='ltr'>poscentique</span> <span class='ocrx_word' id='word_1_171' title='bbox 1115 2995 1387 3058; x_wconf 85' lang='lat' dir='ltr'>gravem</span> <span class='ocrx_word' id='word_1_172' title='bbox 1417 2995 1731 3058; x_wconf 87' lang='lat' dir='ltr'>persaepe</span> <span class='ocrx_word' id='word_1_173' title='bbox 1759 2974 2040 3039; x_wconf 90' lang='lat' dir='ltr'>remittit</span> <span class='ocrx_word' id='word_1_174' title='bbox 2067 2982 2353 3053; x_wconf 86' lang='lat' dir='ltr'>acutum,</span> 
     </span>
    </p>

    <p class='ocr_par' dir='ltr' id='par_1_19' title="bbox 658 3086 2870 3285">
     <span class='ocr_line' id='line_1_26' title="bbox 658 3086 2870 3171; baseline 0 -19"><span class='ocrx_word' id='word_1_175' title='bbox 658 3109 783 3152; x_wconf 90' lang='lat' dir='ltr'>nec</span> <span class='ocrx_word' id='word_1_176' title='bbox 814 3108 1070 3170; x_wconf 88' lang='lat' dir='ltr'>semper</span> <span class='ocrx_word' id='word_1_177' title='bbox 1098 3086 1291 3150; x_wconf 84' lang='lat' dir='ltr'>feriet</span> <span class='ocrx_word' id='word_1_178' title='bbox 1322 3086 1778 3171; x_wconf 87' lang='lat' dir='ltr'>quodcumque</span> <span class='ocrx_word' id='word_1_179' title='bbox 1805 3087 2166 3150; x_wconf 86' lang='lat' dir='ltr'>minabitur</span> <span class='ocrx_word' id='word_1_180' title='bbox 2193 3109 2402 3151; x_wconf 84' lang='lat' dir='ltr'>arcus.</span> <span class='ocrx_word' id='word_1_181' title='bbox 2771 3119 2870 3166; x_wconf 79' lang='lat'>350</span> 
     </span>
     <span class='ocr_line' id='line_1_27' title="bbox 659 3199 2505 3285; baseline -0.001 -19"><span class='ocrx_word' id='word_1_182' title='bbox 659 3223 889 3266; x_wconf 81' lang='lat' dir='ltr'>verum</span> <span class='ocrx_word' id='word_1_183' title='bbox 920 3199 1034 3263; x_wconf 92' lang='lat' dir='ltr'>ubi</span> <span class='ocrx_word' id='word_1_184' title='bbox 1062 3201 1249 3284; x_wconf 86' lang='lat' dir='ltr'>plura</span> <span class='ocrx_word' id='word_1_185' title='bbox 1275 3199 1494 3263; x_wconf 88' lang='lat' dir='ltr'>nitent</span> <span class='ocrx_word' id='word_1_186' title='bbox 1521 3200 1591 3262; x_wconf 91' lang='lat' dir='ltr'>in</span> <span class='ocrx_word' id='word_1_187' title='bbox 1623 3200 1930 3278; x_wconf 87' lang='lat' dir='ltr'>carmine,</span> <span class='ocrx_word' id='word_1_188' title='bbox 1959 3221 2094 3262; x_wconf 91' lang='lat' dir='ltr'>non</span> <span class='ocrx_word' id='word_1_189' title='bbox 2127 3222 2252 3284; x_wconf 88' lang='lat' dir='ltr'>ego</span> <span class='ocrx_word' id='word_1_190' title='bbox 2283 3202 2505 3285; x_wconf 87' lang='lat' dir='ltr'>paucis</span> 
     </span>
    </p>

    <p class='ocr_par' dir='ltr' id='par_1_20' title="bbox 659 3311 2106 3396">
     <span class='ocr_line' id='line_1_28' title="bbox 659 3311 2106 3396; baseline -0.001 -18"><span class='ocrx_word' id='word_1_191' title='bbox 659 3313 953 3378; x_wconf 86' lang='lat' dir='ltr'>offendar</span> <span class='ocrx_word' id='word_1_192' title='bbox 978 3312 1270 3390; x_wconf 80' lang='lat' dir='ltr'>macuIiS,</span> <span class='ocrx_word' id='word_1_193' title='bbox 1305 3334 1463 3396; x_wconf 88' lang='lat' dir='ltr'>quas</span> <span class='ocrx_word' id='word_1_194' title='bbox 1493 3318 1610 3374; x_wconf 88' lang='lat' dir='ltr'>aut</span> <span class='ocrx_word' id='word_1_195' title='bbox 1637 3311 1887 3375; x_wconf 88' lang='lat' dir='ltr'>incuria</span> <span class='ocrx_word' id='word_1_196' title='bbox 1915 3311 2106 3390; x_wconf 86' lang='lat' dir='ltr'>fudit,</span> 
     </span>
    </p>

    <p class='ocr_par' dir='ltr' id='par_1_21' title="bbox 663 3425 2411 3510">
     <span class='ocr_line' id='line_1_29' title="bbox 663 3425 2411 3510; baseline -0.001 -20"><span class='ocrx_word' id='word_1_197' title='bbox 663 3433 779 3490; x_wconf 89' lang='lat' dir='ltr'>aut</span> <span class='ocrx_word' id='word_1_198' title='bbox 805 3427 1089 3489; x_wconf 88' lang='lat' dir='ltr'>humana</span> <span class='ocrx_word' id='word_1_199' title='bbox 1121 3446 1351 3508; x_wconf 89' lang='lat' dir='ltr'>parum</span> <span class='ocrx_word' id='word_1_200' title='bbox 1382 3425 1559 3488; x_wconf 83' lang='lat' dir='ltr'>cavit</span> <span class='ocrx_word' id='word_1_201' title='bbox 1586 3431 1840 3488; x_wconf 89' lang='lat' dir='ltr'>natura.</span> <span class='ocrx_word' id='word_1_202' title='bbox 1949 3425 2104 3510; x_wconf 89' lang='lat' dir='ltr'>quid</span> <span class='ocrx_word' id='word_1_203' title='bbox 2135 3431 2359 3510; x_wconf 89' lang='lat' dir='ltr'>orgost</span> <span class='ocrx_word' id='word_1_204' title='bbox 2385 3427 2411 3488; x_wconf 72' lang='grc' dir='ltr'>Ρ</span> 
     </span>
    </p>

    <p class='ocr_par' dir='ltr' id='par_1_22' title="bbox 658 3537 2180 3623">
     <span class='ocr_line' id='line_1_30' title="bbox 658 3537 2180 3623; baseline -0.001 -19"><span class='ocrx_word' id='word_1_205' title='bbox 658 3547 736 3604; x_wconf 89' lang='lat' dir='ltr'>ut</span> <span class='ocrx_word' id='word_1_206' title='bbox 765 3539 1043 3622; x_wconf 88' lang='lat' dir='ltr'>scriptor</span> <span class='ocrx_word' id='word_1_207' title='bbox 1071 3537 1127 3600; x_wconf 88' lang='lat' dir='ltr'>si</span> <span class='ocrx_word' id='word_1_208' title='bbox 1156 3543 1385 3621; x_wconf 88' lang='lat' dir='ltr'>peccat</span> <span class='ocrx_word' id='word_1_209' title='bbox 1411 3537 1590 3600; x_wconf 91' lang='lat' dir='ltr'>idem</span> <span class='ocrx_word' id='word_1_210' title='bbox 1620 3537 1921 3601; x_wconf 85' lang='lat' dir='ltr'>librarius</span> <span class='ocrx_word' id='word_1_211' title='bbox 1951 3560 2180 3623; x_wconf 88' lang='lat' dir='ltr'>usque,</span> 
     </span>
    </p>

    <p class='ocr_par' dir='ltr' id='par_1_23' title="bbox 657 3649 2865 3846">
     <span class='ocr_line' id='line_1_31' title="bbox 659 3649 2865 3738; baseline -0 -23"><span class='ocrx_word' id='word_1_212' title='bbox 659 3651 954 3738; x_wconf 81' lang='lat' dir='ltr'>quamvis</span> <span class='ocrx_word' id='word_1_213' title='bbox 985 3656 1087 3714; x_wconf 90' lang='lat' dir='ltr'>est</span> <span class='ocrx_word' id='word_1_214' title='bbox 1115 3649 1425 3726; x_wconf 89' lang='lat' dir='ltr'>monitus,</span> <span class='ocrx_word' id='word_1_215' title='bbox 1456 3651 1651 3713; x_wconf 86' lang='lat' dir='ltr'>venia</span> <span class='ocrx_word' id='word_1_216' title='bbox 1679 3657 1878 3727; x_wconf 88' lang='lat' dir='ltr'>caret,</span> <span class='ocrx_word' id='word_1_217' title='bbox 1913 3656 1981 3714; x_wconf 84' lang='lat' dir='ltr'>et</span> <span class='ocrx_word' id='word_1_218' title='bbox 2009 3651 2418 3715; x_wconf 85' lang='lat' dir='ltr'>citharoedus</span> <span class='ocrx_word' id='word_1_219' title='bbox 2771 3681 2796 3727; x_wconf 88' lang='grc'>3</span> <span class='ocrx_word' id='word_1_220' title='bbox 2809 3681 2865 3729; x_wconf 81' lang='lat'>55</span> 
     </span>
     <span class='ocr_line' id='line_1_32' title="bbox 657 3762 2206 3846; baseline -0.001 -18"><span class='ocrx_word' id='word_1_221' title='bbox 657 3765 929 3841; x_wconf 85' lang='lat' dir='ltr'>ridetur,</span> <span class='ocrx_word' id='word_1_222' title='bbox 960 3762 1203 3826; x_wconf 87' lang='lat' dir='ltr'>chorda</span> <span class='ocrx_word' id='word_1_223' title='bbox 1234 3763 1344 3846; x_wconf 91' lang='lat' dir='ltr'>qui</span> <span class='ocrx_word' id='word_1_224' title='bbox 1376 3785 1636 3846; x_wconf 88' lang='lat' dir='ltr'>semper</span> <span class='ocrx_word' id='word_1_225' title='bbox 1665 3763 1927 3826; x_wconf 87' lang='lat' dir='ltr'>oberrat</span> <span class='ocrx_word' id='word_1_226' title='bbox 1955 3763 2206 3841; x_wconf 86' lang='lat' dir='ltr'>eadem,</span> 
     </span>
    </p>

    <p class='ocr_par' dir='ltr' id='par_1_24' title="bbox 658 3875 2316 3959">
     <span class='ocr_line' id='line_1_33' title="bbox 658 3875 2316 3959; baseline -0.002 -19"><span class='ocrx_word' id='word_1_227' title='bbox 658 3877 751 3940; x_wconf 89' lang='lat' dir='ltr'>sic</span> <span class='ocrx_word' id='word_1_228' title='bbox 781 3877 962 3953; x_wconf 86' lang='lat' dir='ltr'>mihi,</span> <span class='ocrx_word' id='word_1_229' title='bbox 998 3875 1108 3959; x_wconf 91' lang='lat' dir='ltr'>qui</span> <span class='ocrx_word' id='word_1_230' title='bbox 1139 3876 1416 3938; x_wconf 77' lang='lat' dir='ltr'>multum</span> <span class='ocrx_word' id='word_1_231' title='bbox 1446 3882 1680 3953; x_wconf 86' lang='lat' dir='ltr'>cessat,</span> <span class='ocrx_word' id='word_1_232' title='bbox 1711 3876 1788 3938; x_wconf 90' lang='lat' dir='ltr'>fit</span> <span class='ocrx_word' id='word_1_233' title='bbox 1823 3875 2156 3939; x_wconf 84' lang='lat' dir='ltr'>Choerilus</span> <span class='ocrx_word' id='word_1_234' title='bbox 2185 3876 2316 3950; x_wconf 86' lang='lat' dir='ltr'>ille,</span> 
     </span>
    </p>

    <p class='ocr_par' dir='ltr' id='par_1_25' title="bbox 660 3987 2402 4073">
     <span class='ocr_line' id='line_1_34' title="bbox 660 3987 2402 4073; baseline -0.001 -21"><span class='ocrx_word' id='word_1_235' title='bbox 660 4011 852 4073; x_wconf 87' lang='lat' dir='ltr'>quem</span> <span class='ocrx_word' id='word_1_236' title='bbox 884 3989 984 4051; x_wconf 88' lang='lat' dir='ltr'>bis</span> <span class='ocrx_word' id='word_1_237' title='bbox 1018 3995 1198 4050; x_wconf 83' lang='lat' dir='ltr'>terve</span> <span class='ocrx_word' id='word_1_238' title='bbox 1232 3987 1473 4050; x_wconf 89' lang='lat' dir='ltr'>bonum</span> <span class='ocrx_word' id='word_1_239' title='bbox 1506 4011 1654 4050; x_wconf 90' lang='lat' dir='ltr'>cum</span> <span class='ocrx_word' id='word_1_240' title='bbox 1685 3988 1819 4051; x_wconf 88' lang='lat' dir='ltr'>risu</span> <span class='ocrx_word' id='word_1_241' title='bbox 1851 3988 2082 4064; x_wconf 74' lang='lat' dir='ltr'>mirol-3</span> <span class='ocrx_word' id='word_1_242' title='bbox 2131 3995 2198 4050; x_wconf 87' lang='lat' dir='ltr'>et</span> <span class='ocrx_word' id='word_1_243' title='bbox 2224 3987 2402 4050; x_wconf 90' lang='lat' dir='ltr'>idem</span> 
     </span>
    </p>
   </div>
  </div>
 </body>
</html>
