3109 4817
586 155 709 218 228
1468 150 1606 216 ΗΟ
1625 151 1916 214 RATII

682 349 815 391 non
846 334 997 390 tuus
1026 327 1150 390 hoc
1180 325 1396 410 capiet
1424 331 1658 389 venter
1685 325 1832 410 plus
1859 346 1936 387 ac
1965 344 2184 388 meus:
2231 331 2308 388 ut
2335 324 2392 388 si

684 440 1027 503 reticulum
1057 439 1245 524 panis
1275 439 1525 503 venalis
1553 439 1729 502 inter
1757 443 1994 502 onusto

685 553 851 616 forte
880 552 1083 617 vehas
1114 573 1337 616 umero
1340 601 1361 631 ,
1392 551 1596 614 nihilo
1626 551 1773 634 plus
1803 549 2080 634 accipias
2113 571 2306 634 quam

689 665 799 750 qui
826 665 921 729 nil
949 665 1247 751 portarit.
1351 665 1459 728 vel
1488 663 1594 728 dic
1626 663 1782 748 quid
1811 663 2052 728 referat
2077 663 2253 726 intra

684 783 954 842 naturae
983 777 1132 842 finis
1162 777 1437 856 viventi,
1467 777 1698 862 iugera
1726 783 1990 840 centum
2019 797 2105 839 an
2471 825 2483 850 ,
2732 803 2794 852 50

685 890 861 953 mille
892 898 1033 954 aret
1058 892 1085 955 ’.Ρ
1136 893 1156 924 ‘
1186 896 1255 952 at
1284 911 1483 953 suave
1514 896 1618 958 est
1647 910 1728 952 ex
1757 909 1999 972 magno
2029 888 2258 952 tollere
2286 887 2562 950 acervo’.

686 1003 843 1066 dum
872 1025 955 1066 ex
985 1024 1187 1087 parvo
1215 1001 1407 1065 nobis
1438 1001 1828 1066 tantundem
1855 999 2113 1064 haurire
2141 1000 2494 1086 relinquaS,

688 1137 803 1178 cur
832 1122 945 1179 tua
975 1113 1373 1199 plus'laudes
1404 1113 1683 1178 cumeris
1711 1113 2014 1198 granaria
2040 1115 2333 1178 nostris?

686 1234 763 1291 ut
791 1225 915 1291 tibi
944 1227 1000 1290 si
1030 1227 1118 1290 sit
1147 1248 1310 1310 opus
1339 1226 1572 1312 liquidi
1598 1247 1732 1289 non
1761 1225 2040 1310 amplius
2069 1249 2240 1290 urna

688 1339 794 1403 vel
824 1338 1083 1423 cyathO,
1114 1346 1185 1402 et
1212 1338 1390 1402 dicas
1422 1343 1443 1373 ‘
1473 1359 1715 1422 magno
1746 1337 1828 1402 de
1859 1338 2125 1402 flumine
2153 1338 2376 1406 malim
2727 1366 2786 1414 55

690 1473 882 1538 quam
912 1475 995 1515 ex
1023 1452 1147 1516 hoc
1176 1451 1488 1515 fonticulo
1518 1451 1908 1516 tantundem
1935 1453 2246 1516 sumere'.
2349 1473 2426 1515 eo
2457 1451 2552 1528 fit,

690 1564 943 1650 plenior
970 1571 1047 1628 ut
1075 1565 1295 1650 siquos
1326 1564 1612 1629 delectet
1640 1564 1828 1648 copia
1853 1565 2052 1643 iusto,

692 1700 839 1741 cum
868 1678 1011 1762 ripa
1038 1676 1231 1740 simul
1260 1677 1519 1742 avulsos
1549 1677 1717 1740 ferat
1745 1676 2022 1741 Aufidus
2051 1699 2220 1742 acer.

690 1796 761 1853 at
790 1790 901 1875 qui
930 1788 1169 1852 tantuli
1198 1795 1355 1874 eget
1384 1795 1695 1874 quantost
1723 1777 1908 1874 opus,
1939 1788 1996 1853 is
2024 1810 2239 1874 neque
2267 1789 2424 1852 limo

693 1902 1022 1966 turbatam
1052 1901 1272 1965 haurit
1300 1923 1559 1987 aquam,
1589 1922 1805 1986 neque
1833 1901 2040 1966 vitam
2069 1902 2316 1966 amittit
2343 1901 2412 1966 in
2441 1902 2653 1967 undis.
2725 1917 2788 1964 6ο

690 2021 760 2078 at
788 2015 961 2077 bona
989 2037 1138 2099 pars
1168 2013 1504 2078 hominum
1533 2014 1810 2099 decepta
1837 2014 2142 2098 cupidine
2171 2015 2334 2079 falso

695 2131 716 2161 ‘
744 2127 839 2190 nil
868 2127 1027 2192 satis
1058 2127 1193 2192 est'
1224 2126 1461 2212 inquit,
1496 2130 1516 2161 ‘
1550 2128 1702 2213 quia
1731 2128 1900 2192 tanti
1931 2135 2246 2214 quantum
2273 2129 2516 2194 habeas
2545 2129 2690 2194 sis’.

694 2239 849 2323 quid
878 2239 1074 2303 facias
1104 2239 1245 2303 illi?
1292 2238 1517 2304 iubeas
1547 2240 1858 2304 miserum
1887 2263 2053 2319 esse,
2084 2241 2371 2305 libenter

696 2358 1015 2436 quatenus
1044 2352 1114 2415 id
1144 2352 1339 2416 facit:
1388 2358 1463 2416 ut
1493 2352 1758 2437 quidam
1786 2360 2184 2417 memoratur
2211 2352 2500 2418 Athenis

693 2465 993 2530 sordidus
1022 2487 1097 2528 ac
1126 2465 1334 2544 dives,
1364 2465 1591 2550 populi
1619 2472 2036 2530 contemnere
2064 2488 2260 2532 voces
2726 2483 2786 2544 65

696 2579 789 2642 sic
820 2578 1071 2657 solitus,
1105 2583 1126 2613 ‘
1157 2578 1436 2662 populus
1465 2600 1572 2642 me
1603 2579 1844 2658 sibilat,
1877 2587 1948 2644 at
1976 2579 2138 2644 mihi
2165 2579 2426 2664 plaude,

696 2692 837 2775 ipse
868 2690 1065 2769 domi,
1099 2690 1291 2754 simul
1320 2713 1395 2753 ac
1423 2713 1728 2756 nummos
1756 2693 2163 2777 contemplor
2188 2693 2258 2757 in
2291 2715 2441 2757 arca
2458 2695 2501 2760 '.

698 2803 1005 2867 Tantalus
1037 2825 1076 2865 a
1102 2802 1302 2866 labris
1332 2802 1562 2868 sitiens
1592 2803 1913 2890 fugientia
1941 2813 2163 2891 captat

698 2914 1225 3000 flumina—quid
1252 2913 1477 2980 rides?
1524 2922 1777 2980 mutato
1805 2917 2071 2982 nomine
2099 2917 2182 2982 de
2212 2925 2280 2983 te

697 3031 915 3094 fabula
945 3037 1280 3093 narratur:
1334 3030 1668 3115 congestis
1699 3031 1988 3116 undique
2017 3032 2218 3096 saccis
2733 3060 2793 3106 70

697 3143 1013 3206 indormis
1041 3142 1322 3221 inhianS,
1356 3149 1425 3206 et
1454 3149 1788 3228 tamquam
1818 3165 2082 3228 parcere
2113 3145 2311 3210 sacris

700 3256 954 3341 cogeris
982 3263 1097 3320 aut
1124 3255 1317 3340 pictis
1347 3262 1679 3342 tamquam
1709 3256 1997 3341 gaudere
2027 3258 2304 3322 tabellis.

700 3368 912 3433 nescis
944 3391 1071 3454 quo
1099 3368 1317 3433 valeat
1340 3391 1670 3448 nummus,
1704 3390 1896 3455 quem
1926 3371 2238 3454 praebeat
2261 3373 2506 3437 usum?

702 3481 889 3567 panis
920 3487 1193 3560 ematur,
1224 3481 1435 3560 holus,
1465 3481 1606 3546 vini
1635 3481 1956 3546 sextarius
1960 3530 1979 3561 ,
2011 3481 2178 3548 adde

706 3594 849 3680 quis
879 3593 1162 3656 humana
1192 3593 1319 3658 sibi
1348 3593 1569 3659 doleat
1597 3600 1830 3658 natura
1853 3593 2134 3680 negatiS.
2735 3623 2795 3672 75

704 3730 789 3771 an
816 3705 1091 3790 vigilare
1123 3713 1303 3770 metu
1332 3706 1722 3786 exanimem,
1752 3714 2108 3793 noctesque
2138 3707 2407 3793 diesque

707 3818 1054 3882 formidare
1082 3819 1285 3882 malos
1314 3818 1510 3898 fureS,
1541 3819 1864 3898 incendia,
1896 3841 2143 3898 servm,

707 3953 793 3995 ne
824 3938 890 3995 te
920 3931 1274 4015 compilent
1300 3931 1654 4017 fugientes,
1685 3932 1808 3995 hoc
1837 3931 2068 3996 iuvat?
2114 3931 2350 3996 horum
