3109 4817
954 256 1710 322 EPISTULARUM
1772 259 1806 321 I
1873 259 1949 322 18

337 431 461 494 hoc
490 454 638 517 age,
666 454 750 495 ne
782 438 1034 496 mutata
1062 440 1421 496 retrorsum
1453 441 1520 496 te
1549 433 1718 497 ferat
1747 456 1922 497 aura.

338 543 618 607 oderunt
651 545 922 608 hilarem
953 545 1176 609 tristes
1210 546 1600 630 tristemque
1629 545 1854 623 iocosi,

339 657 636 720 sedatum
661 659 925 736 celeres,
957 658 1199 743 agilem
1228 680 1602 743 navumque
1632 659 1910 737 remissi,

338 777 600 852 potores
635 771 842 833 bibuli
871 771 1087 834 media
1115 770 1198 834 de
1228 779 1422 835 nocte
1455 771 1717 835 Falerni

339 884 619 947 odenmt
647 891 946 967 porrecta
973 890 1330 969 negantem
1360 884 1613 968 pocula,
1650 885 1945 970 quamvis

337 1003 688 1059 nocturnos
717 996 890 1059 iures
921 1003 988 1059 te
1017 997 1365 1059 formidare
1397 1003 1678 1081 teporeS.

337 1109 527 1173 deme
558 1109 902 1193 supercilio
930 1110 1209 1172 nubem:
1266 1111 1650 1195 plerumque
1681 1112 2017 1175 modestus

338 1229 611 1307 occupat
640 1222 902 1287 obscuri
932 1222 1238 1306 speciem,
1271 1223 1634 1287 taciturnus
1664 1225 1904 1288 acerbi.

336 1335 509 1398 inter
544 1343 781 1399 cuncta
812 1336 994 1420 leges
1032 1342 1100 1399 et
1129 1336 1598 1419 percontabere
1632 1336 1883 1414 doctos,

338 1470 465 1532 qua
497 1449 748 1512 ratione
786 1470 982 1533 queas
1019 1447 1358 1512 traducere
1387 1449 1624 1513 leniter
1652 1472 1911 1528 aevum,

336 1582 493 1623 num
524 1568 592 1624 te
622 1583 881 1645 semper
907 1561 1097 1645 inops
1127 1560 1341 1646 agitet
1373 1568 1702 1647 vexetque
1738 1562 1997 1647 cupid0,

334 1695 493 1736 num
523 1695 727 1757 pavor
757 1681 825 1737 et
859 1695 1074 1738 rerum
1109 1674 1526 1737 mediocriter
1553 1675 1813 1738 utilium
1844 1698 2017 1760 speS,

335 1786 647 1850 virtutem
675 1786 973 1850 doctrina
1001 1794 1189 1871 paret
1221 1792 1537 1851 naturane
1569 1788 1792 1866 donet,

334 1898 488 1983 quid
523 1900 775 1962 minuat
805 1922 1014 1977 curas,
1049 1899 1204 1984 quid
1235 1906 1302 1962 te
1332 1899 1453 1962 tibi
1483 1899 1717 1964 reddat
1744 1903 2045 1979 amicum,

337 2011 491 2095 quid
522 2035 682 2097 pure
715 2012 1114 2097 tranquillet,
1145 2012 1354 2075 honos
1389 2034 1473 2075 an
1504 2013 1694 2076 dulce
1723 2015 2029 2078 lucellum

333 2148 415 2188 an
446 2134 770 2191 secretum
798 2127 926 2190 iter
955 2133 1024 2189 et
1051 2125 1335 2189 fallentis
1370 2127 1604 2190 semita
1632 2127 1828 2191 vitae.

333 2260 438 2302 me
474 2240 777 2325 quotiens
807 2240 1015 2303 reficit
1042 2238 1300 2324 gelidus
1333 2238 1645 2324 Digentia
1673 2240 1874 2318 rivus,

336 2374 524 2435 quem
558 2353 866 2416 Mandela
894 2352 1085 2430 bibit,
1116 2374 1395 2436 rugosus
1425 2352 1669 2437 frigore
1699 2376 1931 2439 pagus,

335 2466 489 2549 quid
520 2466 763 2530 sentire
795 2472 1008 2549 putaS,
1043 2465 1198 2550 quid
1230 2465 1462 2542 credis,
1495 2465 1724 2545 amice,
1756 2468 2055 2551 precari?

337 2581 356 2610 ‘
376 2578 461 2641 sit
490 2579 649 2641 mihi
681 2579 853 2663 quod
883 2600 1057 2641 nunc
1089 2585 1210 2655 est,
1244 2577 1440 2641 etiam
1471 2578 1710 2657 minue,
1744 2586 1813 2643 et
1841 2580 2002 2643 mihi
2032 2581 2251 2646 vivam

335 2693 505 2776 quod
537 2699 836 2777 superest
864 2691 1031 2770 aevi,
1064 2691 1277 2776 siquid
1311 2714 1649 2775 superesse
1680 2694 1916 2757 volunt
1943 2693 2049 2770 di;

332 2805 418 2869 sit
445 2807 618 2869 bona
645 2807 957 2869 librorum
989 2811 1057 2869 et
1086 2805 1384 2889 provisae
1414 2805 1624 2891 frugis
1653 2807 1722 2869 in
1754 2830 2000 2871 annum

332 2919 537 3003 copia,
568 2941 698 2982 neu
731 2918 984 2981 fluitem
1015 2918 1252 2981 dubiae
1284 2940 1399 3003 spe
1435 2920 1764 3002 pendulus
1794 2919 2012 2984 horae.

334 3030 448 3092 sed
479 3031 636 3094 satis
667 3037 769 3094 est
799 3053 980 3093 orare
1012 3031 1262 3108 Iovem,
1298 3031 1408 3115 qui
1438 3032 1627 3115 ponit
1656 3038 1725 3095 et
1756 3033 1992 3110 aufert,

333 3144 448 3207 det
475 3144 701 3222 vitam,
735 3145 850 3207 det
880 3165 1036 3229 opes
1057 3168 1076 3219 ;
1121 3166 1408 3228 aequum
1436 3144 1529 3205 mi
1558 3144 1849 3207 animum
1877 3144 2020 3227 ipse
2049 3144 2313 3226 parabo,

2425 260 2551 327 347

2483 692 2551 743 90

2482 1257 2545 1304 95

2448 1820 2545 1855 100

2444 2385 2539 2434 ¹05

2443 2953 2540 2988 110
