3109 4817
920 214 1676 280 EPISTULARUM
1745 215 1780 278 I
1853 215 1953 293 11,
2028 216 2104 278 12
2435 218 2557 282 331

1353 1738 1494 1801 XII

356 1944 512 2141 F
528 1949 982 2016 RUOTIBUS
1024 1949 1361 2035 Agrippae
1397 1949 1652 2028 Siculis,
1687 1972 1847 2035 quos
1876 1951 2151 2037 colligis,
2184 1952 2337 2029 Icci,

571 2064 628 2129 si
660 2071 837 2129 recte
866 2064 1121 2142 frueris,
1150 2084 1285 2127 non
1317 2070 1419 2127 est
1447 2071 1523 2127 ut
1552 2063 1740 2147 copia
1768 2063 1974 2126 maior

329 2178 412 2241 ab
444 2178 605 2243 Iove
633 2176 862 2241 donari
890 2177 1099 2261 possit
1128 2176 1270 2241 fibi.
1374 2177 1529 2241 tolle
1562 2178 1914 2261 querellas:

330 2311 578 2375 pauper
605 2288 781 2353 enim
807 2310 940 2352 non
971 2295 1073 2353 est
1101 2288 1206 2352 cui
1234 2310 1450 2352 rerum
1481 2289 1776 2374 suppetit
1803 2311 1979 2353 usuS.

331 2404 388 2467 si
413 2402 634 2468 ventri
659 2403 852 2480 bene,
883 2402 941 2466 si
968 2402 1156 2466 lateri
1186 2407 1290 2466 est
1317 2402 1725 2487 pedibusque
1754 2401 1908 2480 tuis,
1938 2403 2031 2466 nil
2498 2435 2525 2484 5

223 2586 229 2592 ,
331 2514 598 2579 divitiae
626 2520 938 2599 poterunt
963 2515 1219 2599 regales
1248 2514 1486 2579 addere
1517 2514 1747 2579 maius,

332 2627 389 2691 si
416 2627 582 2691 forte
610 2627 681 2692 in
707 2627 925 2691 medio
954 2627 1316 2712 positorum
1343 2627 1703 2692 abstemius
1732 2628 1953 2694 herbis

330 2740 501 2805 vivis
530 2747 600 2804 et
627 2740 857 2818 urtica,
889 2739 983 2804 sic
1010 2740 1197 2818 vives
1227 2741 1524 2824 protinus
1554 2747 1632 2805 ut
1660 2748 1729 2805 te

331 2852 672 2917 confestim
698 2851 983 2937 liquidus
1015 2852 1342 2917 Fortunae
1370 2854 1551 2919 rivus
1579 2854 1858 2933 inauret,

330 2965 438 3029 vel
468 2965 619 3050 quia
645 2970 946 3029 naturam
973 2970 1226 3028 mutare
1256 2966 1532 3049 pecunia
1558 2967 1791 3045 nescit,
2463 3001 2525 3035 ιο

329 3079 435 3142 vel
467 3077 617 3163 quia
643 3083 878 3141 cuncta
904 3083 1094 3162 putas
1126 3099 1255 3140 una
1281 3078 1526 3143 virtute
1555 3079 1827 3144 minora.

330 3191 660 3269 miramur,
692 3191 748 3254 si
779 3189 1136 3254 Democriti
1164 3211 1363 3274 pecus
1395 3189 1531 3253 edit
1559 3191 1807 3275 agellos

328 3304 652 3389 cultaque,
681 3303 839 3366 dum
867 3324 1142 3389 peregre
1172 3308 1275 3365 est
1306 3302 1561 3366 animus
1589 3302 1729 3366 sine
1759 3324 2026 3388 corpore
2054 3305 2285 3382 velox;

331 3438 478 3479 cum
507 3421 584 3480 tu
609 3416 785 3479 inter
813 3416 1097 3480 scabiem
1131 3420 1383 3478 tantam
1413 3421 1481 3478 et
1509 3415 1815 3500 contagia
1841 3416 2005 3480 lucri

330 3531 425 3597 nil
452 3554 726 3617 parvum
755 3531 968 3617 sapias
999 3537 1068 3596 et
1093 3530 1303 3595 adhuc
1333 3531 1637 3595 sublimia
1664 3553 1874 3611 cures,
2461 3565 2480 3597 1
2495 3563 2520 3612 5

335 3665 498 3730 quae
524 3651 704 3709 mare
733 3649 1128 3730 conpescant
1155 3666 1408 3723 causae,
1441 3643 1599 3728 quid
1627 3651 1952 3729 temperet
1978 3668 2243 3726 annum,

333 3758 556 3822 stellae
586 3764 821 3842 sponte
850 3779 968 3823 sua
993 3757 1290 3822 iussaene
1319 3764 1650 3841 vagentur
1680 3763 1748 3821 et
1776 3766 2017 3838 errent,

335 3869 489 3954 quid
517 3878 773 3956 premat
800 3871 1146 3935 obscurum
1172 3871 1387 3947 lunae,
1420 3868 1578 3954 quid
1606 3870 1893 3955 proferat
1921 3874 2167 3951 orbem,

334 3983 488 4066 quid
515 3983 679 4048 velit
706 3990 775 4048 et
801 3983 1011 4068 possit
1044 4004 1261 4047 rerum
1289 3982 1632 4047 concordia
1659 3984 1926 4065 discors,
