3109 4817
496 256 620 318 280
1368 255 1814 323 HORATII

494 435 513 463 ‘
538 430 607 492 ni
638 437 751 494 tua
778 431 1089 510 custodis,
1120 431 1350 496 avidus
1379 433 1511 495 iam
1538 432 1702 495 haec
1729 432 1984 496 auferet
2011 431 2259 497 heres'.

496 547 680 606 ‘men
710 543 865 607 vivo
887 545 939 607 '1²’
993 549 1014 577 ‘
1034 548 1109 607 ut
1136 544 1322 608 vivas
1350 543 1579 630 igitur,
1613 543 1837 628 vig-ila.
1907 545 2031 608 11οο
2059 546 2241 630 age’.
2309 545 2498 631 ‘quid
2527 543 2630 610 vis
2654 545 2704 608 ?’

499 659 519 688 ‘
543 655 848 719 deficient
874 656 1137 741 inopem
1165 679 1372 722 venae
1402 665 1494 736 te,
1524 656 1597 721 ni
1626 656 1811 720 cibus
1841 663 2042 743 atque

496 769 731 852 ingens
760 768 1012 834 accedit
1040 770 1375 834 stomacho
1404 769 1648 834 fultura
1675 770 1915 834 ruenti.

498 889 572 945 tu
600 882 860 945 cessas?
906 882 1211 966 agedum,
1244 904 1427 946 sume
1456 882 1582 946 hoc
1611 882 2039 967 ptisanarium
2069 885 2356 967 oryzae'.
2607 911 2626 944 ι
2646 911 2702 958 55

498 999 518 1027 ‘
539 993 765 1078 quanti
794 1002 1051 1078 emptae
1075 995 1134 1058 ?’
1200 1000 1220 1028 ‘
1240 996 1496 1079 parvo’.
1560 999 1580 1028 ‘
1601 993 1830 1079 quanti
1859 1017 2019 1080 ergo
2043 997 2102 1060 ?’
2165 1000 2186 1029 ‘
2207 995 2628 1060 octussibus’.

802 1111 821 1140 ‘
846 1109 1032 1171 eheu.

500 1218 655 1304 quid
683 1219 903 1298 refert,
934 1221 1162 1283 morbo
1191 1242 1277 1284 an
1305 1219 1495 1285 furtis
1526 1241 1918 1305 pereamque
1948 1220 2194 1305 rapinis
2222 1223 2281 1286 ‘r‘’

500 1337 519 1366 ‘
541 1333 835 1417 quisnam
864 1333 1070 1418 igitur
1099 1355 1293 1398 sanus
1315 1334 1375 1397 ?’
1424 1334 1535 1418 qui
1563 1355 1698 1397 non
1727 1334 1989 1398 stultus.
2095 1339 2115 1368 ‘
2141 1334 2298 1419 quid
2327 1355 2560 1398 avarus
2585 1335 2644 1396 ἴθ’

496 1446 736 1508 stultus
766 1450 835 1509 et
860 1446 1148 1510 insanus.
1254 1451 1273 1479 ‘
1297 1445 1477 1532 quid,
1510 1445 1714 1530 siquis
1742 1467 1876 1509 non
1907 1446 1996 1510 sit
2023 1468 2281 1526 avarus,

497 1558 805 1621 continuo
838 1580 1033 1622 sanus
1057 1559 1117 1622 ?’
1220 1558 1507 1623 minime.
1615 1563 1635 1591 ‘
1659 1579 1796 1636 cur,
1829 1558 2032 1622 stoice
2056 1561 2116 1623 '1²'
2163 1560 2398 1624 dicam.
2607 1573 2704 1620 160

494 1691 627 1734 non
658 1676 761 1734 est
790 1669 1119 1734 cardiacus
1163 1670 1530 1754 (Craterum
1561 1669 1806 1735 dixisse
1836 1671 2092 1756 putato)

495 1784 601 1848 hic
631 1806 863 1868 aeger:
909 1791 1086 1847 recte
1116 1791 1219 1848 est
1245 1783 1450 1868 igitur
1479 1785 1886 1869 surgetque?
1932 1784 2228 1869 negabit,

466 1875 671 1982 ’quod
700 1897 869 1960 latus
897 1904 1013 1960 aut
1039 1918 1229 1960 renes
1259 1897 1487 1960 morbo
1518 1902 1926 1981 temptentur
1955 1903 2169 1960 acut0.

494 2031 627 2072 non
658 2015 761 2073 est
788 2009 1083 2094 periurus
1112 2030 1327 2094 neque
1357 2007 1680 2073 sordidus.
1782 2009 2079 2072 immolet
2107 2008 2331 2093 aequis

496 2121 603 2184 hic
631 2143 899 2206 porcum
926 2121 1192 2186 laribus.
1294 2142 1524 2184 verum
1552 2121 1937 2184 ambitiosus
1968 2127 2038 2184 et
2064 2120 2300 2184 audax.
2611 2135 2668 2182 1⁶
2681 2147 2705 2194 5

494 2233 768 2318 naviget
797 2233 1205 2318 Anticyram.
1270 2299 1277 2304 ,
1312 2233 1467 2318 quid
1500 2232 1678 2296 enim
1705 2231 1950 2311 differt,
1981 2233 2374 2297 barathrone

496 2346 701 2410 dones
733 2345 1043 2432 quicquid
1071 2346 1273 2410 habes
1302 2367 1387 2408 an
1416 2367 1774 2430 numquam
1803 2350 1987 2408 utare
2017 2343 2262 2429 paratis
2288 2345 2314 2408 Γ

502 2459 765 2522 Servius
796 2458 1117 2543 Oppidius
1152 2458 1392 2524 Canusi
1424 2458 1555 2522 duo
1586 2457 1874 2542 praedia,
1905 2457 2090 2522 dives

496 2571 763 2656 antiquo
794 2593 1016 2649 censu,
1048 2571 1269 2656 gnatis
1300 2571 1545 2636 divisse
1576 2571 1834 2636 duobus

494 2683 702 2746 fertur
730 2690 799 2746 et
825 2683 947 2747 hoc
978 2683 1264 2748 moriens
1294 2683 1516 2768 pueris
1547 2683 1793 2748 dixisse
1823 2682 2072 2746 vocatis
2607 2711 2702 2757 170

494 2795 579 2859 ad
606 2795 847 2860 lectum
878 2800 899 2829 ‘
918 2802 1264 2882 postquam
1296 2803 1363 2861 te
1394 2797 1583 2875 talos,
1615 2797 1810 2875 Aule,
1841 2816 2170 2880 nucesque

496 2909 663 2972 ferre
693 2907 840 2972 sinu
866 2909 1014 2971 laxo
1016 2957 1037 2987 ,
1070 2909 1311 2973 donare
1342 2917 1411 2974 et
1438 2909 1664 2973 ludere
1694 2908 1856 2986 vidi,

494 3028 584 3099 te,
614 3021 855 3101 Tiberi,
884 3043 1247 3100 numerare,
1278 3022 1455 3087 cavis
1484 3020 1888 3086 abscondere
1923 3019 2203 3098 tristem,

497 3135 790 3214 extimui,
820 3157 905 3199 ne
934 3157 1052 3199 vos
1082 3142 1311 3222 ageret
1337 3134 1604 3199 vesania
1631 3133 1902 3212 discors,

497 3254 571 3311 tu
602 3247 1110 3326 Nomentanum,
1146 3254 1219 3312 tu
1246 3271 1330 3312 110
1362 3267 1706 3334 sequerere
1744 3245 2060 3310 Cicutam.
2602 3271 2662 3318 17
2671 3273 2698 3320 5

497 3382 693 3444 quare
722 3382 840 3444 per
868 3360 1054 3424 divos
1086 3367 1304 3425 oratus
1334 3366 1612 3446 uterque
1641 3365 1934 3444 penates,

495 3479 569 3537 tu
598 3495 755 3537 cave
783 3495 867 3536 ne
896 3473 1173 3552 minuas,
1206 3479 1281 3537 tu
1308 3495 1394 3536 ne
1422 3473 1632 3536 maius
1661 3471 1858 3534 facias
1885 3469 1957 3532 id

498 3585 668 3670 quod
700 3585 857 3648 satis
888 3607 1029 3649 esse
1059 3593 1250 3671 putat
1278 3593 1466 3670 pater
1495 3593 1564 3649 et
1597 3591 1831 3648 natura
1859 3588 2134 3645 coercet.

493 3707 827 3784 praeterea
854 3722 938 3764 110
968 3723 1087 3765 vos
1119 3702 1343 3764 titillet
1370 3700 1602 3786 gloria,
1633 3699 1776 3764 iure

490 3812 763 3876 iurando
795 3813 1201 3897 obstringam
1230 3814 1460 3878 ambo:
1506 3821 1656 3877 uter
1685 3811 1912 3876 aedilis
1943 3809 2224 3874 fueritve
2605 3826 2701 3872 180

490 3933 783 3988 vestrum
815 3933 1094 4009 praetor,
1124 3927 1182 3990 is
1212 3926 1610 3990 intestabilis
1642 3933 1712 3990 et
1741 3945 1923 3989 sacer
1953 3929 2117 3987 estc.

492 4039 559 4101 in
590 4037 795 4101 cicere
825 4045 1020 4122 atque
1050 4039 1200 4102 faba
1228 4039 1401 4102 bona
1430 4047 1505 4102 tu
1536 4038 1901 4123 perdasque
1929 4035 2193 4120 lupinis,
