3109 4817
1012 223 1597 290 SERMONUM
1664 227 1699 288 I
1765 227 1796 289 1

391 417 646 482 semper
674 418 801 483 ego
830 398 1109 483 optarim
1138 398 1586 483 pauperrimus
1616 420 1758 464 esse
1789 401 2126 466 bonorum.

388 514 457 572 at
484 508 540 572 si
568 509 905 574 condoluit
932 516 1325 596 temptatum
1354 509 1597 597 frigore
1627 532 1882 597 corpus,

386 626 498 684 aut
524 621 689 686 alius
717 643 905 686 casus
932 623 1105 686 lecto
1134 630 1201 686 te
1232 621 1482 701 adfixit,
1512 624 1716 688 habes
1748 624 1860 709 qui

382 732 684 813 assideat,
715 735 1004 799 fomenta
1030 740 1240 820 paret,
1270 735 1597 799 medicum
1624 743 1838 822 roget,
1869 743 1946 801 ut
1975 745 2042 802 te

383 845 655 910 suscitet
682 867 757 909 ac
784 847 957 911 natis
984 846 1219 911 reddat
1246 847 1539 933 carisque
1568 848 2000 934 propinquis?

380 979 514 1021 non
542 978 712 1021 uxor
729 959 980 1023 salvum
1004 966 1075 1024 te
1102 959 1267 1038 vult,
1296 980 1430 1023 non
1457 959 1628 1024 filius
1650 985 1669 1037 3
1718 982 1944 1026 omnes

380 1069 579 1134 vicini
609 1071 907 1150 oderunt,
937 1071 1101 1150 noti,
1133 1072 1319 1157 pueri
1346 1079 1545 1157 atque
1574 1073 1846 1158 puellae.

380 1182 655 1261 miraris,
684 1205 833 1247 cum
862 1191 939 1248 tu
965 1191 1242 1269 argento
1271 1191 1423 1269 post
1452 1185 1670 1248 omnia
1696 1207 1922 1270 ponas,

380 1294 437 1358 si
463 1316 658 1359 nemo
688 1303 977 1379 praestet
1008 1318 1201 1381 quem
1228 1318 1361 1360 non
1392 1297 1701 1361 merearis
1730 1301 2067 1363 amorem?

378 1415 449 1473 at
476 1409 533 1473 si
562 1417 902 1493 cognatos,
932 1410 1111 1473 nullo
1138 1417 1373 1473 natura
1400 1411 1623 1475 labore

380 1542 542 1605 quos
566 1521 695 1604 ‚tibi
724 1521 859 1601 dat,
889 1522 1171 1587 retinere
1200 1522 1365 1587 velis
1400 1543 1788 1608 servareque
1815 1524 2076 1602 amicos,

376 1633 605 1699 infelix
635 1656 898 1720 operam
927 1635 1183 1719 perdas,
1214 1641 1291 1698 ut
1319 1636 1376 1699 si
1406 1635 1549 1721 quis
1581 1636 1850 1700 asellum
1911 1685 1923 1695 .

374 1745 445 1809 in
475 1768 705 1832 campo
734 1747 966 1812 doceat
991 1769 1189 1832 paren
1199 1754 1331 1811 tem
1362 1768 1621 1811 currere
1649 1747 1900 1812 frenis?

376 1857 659 1944 denique
690 1859 777 1923 sit
804 1859 950 1922 finis
982 1859 1355 1944 quaerendi,
1387 1881 1665 1944 cumque
1695 1859 1936 1924 habeas
1966 1861 2111 1945 plus
2115 1910 2134 1940 ,

376 1971 753 2055 pauperiem
782 1977 1035 2035 metuas
1064 1971 1301 2049 minus,
1335 1979 1403 2036 et
1431 1971 1618 2034 finire
1647 1972 1936 2035 laborem

377 2082 651 2167 incipias
681 2090 870 2168 parto
901 2083 1075 2168 quod
1102 2085 1383 2162 avebas3
1427 2106 1511 2149 ne
1542 2083 1738 2148 facias
1771 2085 1945 2170 quod

378 2194 749 2260 Ummidius
781 2196 1063 2281 quidam.
1166 2179 1305 2260 non
1329 2197 1528 2282 longa
1558 2203 1661 2260 est
1688 2197 1926 2262 fabula.
2031 2198 2216 2262 dives

378 2315 453 2372 ut
481 2309 825 2372 metiretur
850 2331 1172 2387 nummos,
1202 2310 1297 2373 ita
1326 2309 1625 2373 sordidus
1657 2317 1732 2404 ut
1759 2331 1830 2374 se

378 2442 512 2484 non
542 2443 856 2506 umquam
887 2443 1076 2486 servo
1104 2421 1345 2510 melius·
1367 2421 1663 2500 vestiret,
1695 2422 1778 2485 ad
1807 2445 2012 2508 usque

379 2554 753 2618 supremum
784 2541 1041 2618 tempus
1068 2556 1155 2598 ne
1186 2555 1256 2598 se
1286 2534 1555 2618 penuria
1583 2533 1798 2598 victus

379 2645 775 2730 opprimeret
802 2647 1157 2710 metuebat.
1261 2653 1331 2710 at
1358 2646 1531 2710 hunc
1559 2646 1797 2710 liberta
1825 2647 2036 2710 securi

375 2757 602 2822 divisit
628 2757 935 2836 medium,
968 2757 1319 2822 fortissima
1346 2757 1884 2843 Tyndaridarum.

379 2872 399 2903 ‘
430 2870 587 2955 quid
616 2870 707 2932 mi
733 2869 939 2955 igitur
968 2869 1249 2934 suades?
1296 2878 1373 2934 ut
1400 2869 1621 2934 vivam
1649 2869 1941 2934 Naevius
1972 2877 2086 2934 aut
2115 2872 2206 2936 sic

376 2988 453 3045 ut
478 2981 931 3046 Nomentanus
954 2983 1015 3046 ?'
1061 2982 1282 3066 pergis
1312 2981 1674 3067 pugnantia
1703 3003 1922 3045 secum

376 3094 698 3159 frontibus
727 3094 1021 3158 adversis
1049 3116 1458 3179 componere.
1562 3115 1696 3158 non
1727 3115 1853 3179 ego
1883 3116 2148 3158 avarum

378 3229 525 3270 cum
552 3213 707 3271 veto
738 3214 805 3270 te
832 3206 994 3286 fieri,
1024 3229 1305 3292 vappam
1334 3207 1528 3271 iubeo
1558 3229 1633 3270 ac
1661 3207 2074 3271 nebulonem.

381 3327 482 3384 est
510 3318 684 3383 inter
712 3319 959 3383 Tanain
991 3320 1298 3404 quiddam
1328 3341 1751 3404 socerumque
1780 3318 2009 3383 Viseffi
2035 3345 2048 3382 :

376 3439 479 3496 est
505 3431 738 3495 modus
766 3432 837 3495 in
864 3432 1083 3511 rebus,
1115 3440 1268 3496 sunt
1297 3432 1459 3495 certi
1487 3431 1770 3517 denique
1797 3429 1982 3509 fineS,

379 3565 539 3628 quos
568 3544 739 3608 ultra
767 3544 1054 3630 citraque
1083 3543 1314 3628 nequit
1342 3544 1697 3608 consistere
1727 3549 1997 3607 rectum.

376 3656 527 3719 illuc
554 3656 728 3720 unde
757 3655 888 3720 abii
917 3656 1134 3735 redeo,
1167 3655 1278 3741 qui
1306 3677 1521 3735 nem0‚
1552 3662 1629 3720 ut
1655 3677 1909 3734 avarus,

377 3789 447 3832 se
475 3769 710 3853 probet
736 3790 811 3832 ac
840 3769 1057 3852 potius
1086 3768 1307 3832 laudet
1333 3767 1594 3832 diversa
1624 3767 1978 3853 sequentis,

379 3880 679 3966 quodque
708 3881 917 3945 aliena
944 3881 1188 3965 capella
1215 3886 1404 3964 gerat
1432 3878 1781 3977 distentius
1813 3881 1994 3957 uber,

378 3993 689 4071 tabescat,
718 4015 931 4077 neque
960 4015 1029 4057 se
1060 3993 1283 4056 maiori
1312 3991 1765 4075 pauperiorum

2365 229 2491 291 229

2424 529 2489 578 80

2407 2231 2472 2278 95

2379 2791 2474 2824 100

2376 3349 2472 3397 τος
