3109 4817
568 220 693 283 336
1443 213 1904 277 HORATII

1609 2082 1736 2144 XV

587 2302 956 2504 QUAE
989 2308 1075 2370 sit
1105 2307 1358 2390 hiemps
1389 2305 1640 2385 Veliae,
1675 2307 1851 2391 quod
1879 2308 2150 2386 caelum,
2182 2288 2368 2385 Vela,
2407 2307 2677 2386 Salerni,

809 2443 1081 2506 quorum
1111 2419 1446 2483 hominum
1476 2419 1661 2503 regio
1693 2427 1761 2483 et
1792 2420 1998 2504 qualis
2027 2420 2134 2483 via
2166 2422 2340 2501 (nam
2368 2420 2529 2483 mihi
2557 2421 2750 2484 Baias

574 2533 768 2596 Musa
803 2554 1235 2617 supervacuas
1268 2531 1620 2609 Antonius,
1655 2539 1723 2595 et
1753 2539 1975 2595 tamen
2005 2533 2133 2596 illis

575 2668 679 2708 me
711 2646 865 2709 facit
896 2646 1204 2722 invisum,
1237 2644 1457 2728 gelida
1486 2666 1636 2708 cum
1665 2646 1927 2728 perluor
1955 2645 2132 2708 unda

575 2783 693 2844 per
721 2762 1007 2825 medium
1036 2763 1265 2847 frigus,
1371 2785 1526 2827 sane
1556 2771 1843 2826 murteta
1870 2764 2169 2847 relinqui,
2749 2795 2777 2841 ς

576 2873 880 2958 dictaque
912 2882 1275 2939 cessantem
1305 2875 1525 2940 nervis
1558 2874 1796 2939 elidere
1826 2877 2126 2940 morbum

576 2986 841 3070 sulpura
870 2988 1221 3066 contemni,
1253 2988 1436 3051 vicus
1467 2987 1698 3071 gemit,
1729 2987 1990 3052 invidus
2020 2989 2235 3073 aegris

578 3099 686 3183 qui
718 3107 913 3184 caput
942 3108 1010 3163 et
1038 3101 1443 3164 stomachum
1475 3121 1841 3185 supponere
1871 3101 2162 3165 fontibus
2192 3101 2435 3164 audent

580 3212 859 3276 Clusinis
893 3213 1261 3299 Gabiosque
1293 3220 1529 3297 petunt
1559 3220 1627 3277 et
1656 3213 1894 3297 frigida
1921 3236 2091 3277 rura.

573 3325 923 3388 mutandus
953 3326 1132 3389 locus
1165 3333 1266 3390 est
1296 3332 1364 3389 et
1393 3325 1765 3389 deversoria
1794 3332 1951 3389 nota
2711 3356 2773 3389 10

579 3438 1133 3523 praeteragendus
1167 3460 1392 3523 equus.
1499 3442 1518 3471 ‘
1540 3460 1668 3522 quo
1701 3438 1967 3502 tendis?
2013 3458 2144 3500 non
2175 3437 2336 3500 mihi
2370 3438 2604 3502 Cumas

584 3560 687 3615 est
715 3552 843 3615 iter
870 3558 986 3613 aut
1015 3550 1236 3614 Baias'
1267 3552 1455 3614 laeva
1484 3551 1931 3614 stomachosus
1962 3550 2216 3613 habena

576 3663 752 3727 dicet
781 3684 1015 3747 eques:
1066 3662 1182 3726 sed
1214 3663 1398 3748 equis
1430 3664 1682 3727 frenato
1714 3671 1816 3727 est
1843 3663 2016 3726 auris
2044 3663 2114 3725 in
2147 3661 2314 3739 ore);

576 3775 780 3838 maior
809 3782 1027 3838 utrum
1057 3777 1369 3860 populum
1400 3776 1711 3839 frumenti
1740 3776 1926 3859 copia
1955 3782 2177 3860 pascat
2193 3799 2211 3850 3

576 3888 963 3951 collectosne
993 3888 1227 3952 bibant
1255 3888 1496 3952 imbres
1527 3895 1846 3973 puteosne
1877 3886 2178 3971 perennis
2719 3918 2735 3950 ι
2752 3918 2777 3965 5

575 4000 748 4083 iugis
778 4022 980 4084 aquae
1027 4006 1199 4084 (nam
1229 4001 1383 4064 vina
1413 4001 1578 4064 nihil
1606 4022 1825 4064 moror
1850 4000 2020 4063 illius
2052 4020 2220 4063 orae.
