3109 4817
570 237 699 302 350
1450 246 1910 312 HORATII

566 415 810 500 scripta
839 417 1044 501 pudet
1072 418 1345 484 recitare
1378 429 1446 484 et
1472 423 1673 508 nugis
1702 424 1943 488 addere
1975 426 2266 510 pondus’

566 528 622 598 si
652 528 813 607 dixi,
850 534 868 562 ‘
892 529 1068 594 rides
1087 532 1106 561 ’
1138 533 1232 596 ait
1263 537 1369 596 ‘et
1400 535 1579 600 Iovis
1609 537 1880 600 auribus
1911 539 2038 602 ista

565 663 823 706 servas:
872 643 1020 707 fidis
1054 645 1227 708 enim
1256 669 1521 712 manare
1553 650 1811 734 poetica
1843 652 2037 715 mella

563 761 630 818 te
660 756 892 833 solum,
926 757 1049 820 tibi
1078 759 1406 843 pulcher’.
1510 761 1594 825 ad
1625 762 1786 826 haec
1817 785 1942 848 ego
1971 765 2239 830 naribus
2269 768 2366 830 uti

560 868 837 932 formido
869 875 957 947 et,
988 870 1299 936 luctantis
1328 881 1522 938 acuto
1552 897 1637 938 ne
1667 897 1850 940 secer
1879 878 2112 962 ungui,

562 985 581 1013 ‘
606 980 909 1064 displicet
936 982 1063 1046 iste
1092 983 1307 1048 locus’
1338 986 1545 1051 clamo
1580 995 1648 1052 et
1675 988 1925 1052 diludia
1953 1012 2172 1074 posco,

558 1093 753 1157 ludus
784 1096 957 1158 6111111
989 1097 1225 1180 genuit
1254 1099 1587 1183 trepidum
1617 1108 1948 1166 certamen
1980 1110 2048 1168 et
2077 1105 2262 1183 iram,

556 1205 653 1267 ira
682 1213 897 1270 truces
927 1208 1299 1276 inimicitias
1332 1220 1400 1275 et
1428 1213 1705 1278 funebre
1737 1214 2006 1280 bellum.

755 3025 1285 3093 ERTUMNUM
1316 3029 1703 3113 Ianumque,
1735 3028 1924 3107 liber,
1957 3035 2254 3114 spectare
2283 3030 2550 3111 viderie,

798 3141 1046 3205 scilicet
1072 3148 1149 3204 ut
1178 3147 1433 3226 prostes
1469 3141 1801 3206 Sosiorum
1838 3141 2094 3226 pumice
2123 3143 2428 3209 mundus.

538 3254 737 3319 odisti
767 3255 966 3318 clavis
998 3262 1067 3318 et
1093 3261 1284 3339 grata
1314 3253 1528 3338 sigilla
1559 3253 1817 3339 pudicO,

538 3368 760 3452 paucis
791 3367 1049 3432 ostendi
1078 3367 1289 3452 gemis
1321 3373 1390 3431 et
1418 3367 1787 3431 communia
1813 3367 2062 3442 laudas,

536 3503 667 3546 non
697 3482 792 3545 ita
820 3481 1128 3545 nutritus.
1234 3479 1389 3566 fuge
1422 3502 1550 3565 quo
1580 3479 1975 3544 descendere
2005 3480 2235 3566 gestis.

535 3617 669 3658 non
700 3595 825 3659 erit
860 3594 1096 3658 emisso
1126 3593 1375 3657 reditus
1406 3593 1549 3657 tibi.
1657 3598 1677 3627 ‘
1699 3593 1854 3678 quid
1885 3594 2083 3658 miser
2113 3595 2268 3680 egi?

538 3709 693 3794 quid
722 3709 899 3772 volui
923 3707 982 3772 ?'
1029 3706 1229 3785 dices,
1263 3707 1375 3770 ubi
1410 3707 1568 3791 quid
1599 3713 1666 3771 te
1695 3707 1958 3771 laeserit
1974 3733 1993 3784 3
2041 3714 2110 3770 et
2139 3708 2264 3772 6616

532 3823 602 3885 111
634 3821 835 3884 breve
864 3826 931 3884 te
961 3820 1131 3905 cogi,
1164 3841 1313 3884 cum
1342 3819 1577 3904 plenus
1604 3819 1877 3904 languet
1905 3827 2176 3884 amator.

536 3932 768 4019 quodsi
797 3955 929 3996 non
960 3933 1110 3996 odio
1140 3932 1470 4017 peccantis
1500 3932 1742 4018 desipit
1771 3954 2002 4016 augur,

534 4068 718 4109 carus
750 4045 877 4109 eris
908 4044 1177 4126 Romae,
1208 4047 1415 4109 1161166
1446 4052 1513 4108 te
1544 4045 1806 4108 deserat
1834 4053 2049 4110 aetas:

2713 800 2790 849 45

2681 4073 2742 4108 10
