3109 4817
526 152 652 217 274
1402 155 1848 221 HORATII

524 337 693 395 ‘non
724 324 877 417 ego’
909 337 1283 396 narrantem
1316 336 1596 396 ‘temere
1629 332 1734 396 edi
1763 333 1907 396 luce
1938 333 2227 418 profesta,

524 445 870 530 quicquam
899 451 1159 529 praeter
1187 444 1378 508 holus
1408 445 1702 510 fumosae
1732 467 1880 508 eum
1903 446 2072 530 pede
2102 468 2363 531 pernae.

523 579 599 621 ao
626 556 787 620 mihi
818 579 935 620 seu
961 557 1235 642 longum
1264 563 1416 642 post
1444 564 1706 643 tempus
1736 565 2010 621 venerat
2037 559 2299 643 hospeS‚

526 669 665 733 sive
697 691 969 754 operum
998 691 1204 733 vacuo
1234 675 1464 754 gratus
1496 669 1776 734 conviva
1804 692 1923 755 per
1950 670 2228 735 imbrem

523 782 798 861 vicinus,
830 784 1000 847 bene
1031 789 1174 846 erat
1199 804 1333 846 non
1363 783 1652 867 piscibus
1682 783 1844 847 urbe
1875 783 2125 868 petitis,
2639 811 2736 846 120

526 895 643 958 sed
672 895 848 980 pullo
878 901 1075 980 atque
1105 895 1337 961 haedo,
1441 903 1585 960 tum
1615 896 1882 981 pensilis
1913 918 2042 960 uva
2070 897 2388 961 secundas

526 1015 595 1070 et
622 1029 760 1070 nux
790 1008 1066 1071 ornabat
1092 1030 1353 1072 mensas
1382 1030 1532 1072 eum
1562 1008 1821 1094 duplice
1850 1010 2000 1072 ficu.

396 1115 403 1123 ’
528 1125 681 1206 post
708 1121 833 1184 hoc
861 1119 1053 1184 ludus
1084 1127 1227 1185 erat
1254 1121 1445 1205 eulpa
1474 1127 1702 1206 potare
1731 1122 2088 1207 magistra3

528 1254 603 1296 ao
632 1240 946 1297 venerata.
979 1233 1199 1312 Ceres,
1229 1233 1327 1298 ita
1354 1234 1569 1297 culmo
1599 1241 1904 1318 surgeret
1931 1235 2086 1312 alte,

528 1345 842 1430 explicuit
868 1345 1024 1410 vino
1054 1351 1426 1410 contractae
1458 1345 1626 1410 seria
1655 1346 1911 1410 frontis.
2637 1377 2696 1410 η
2710 1375 2732 1423 ς

530 1459 778 1524 saeviat
804 1466 1004 1544 atque
1032 1480 1239 1522 novos
1270 1465 1533 1522 moveat
1565 1459 1858 1522 Fortuna
1887 1459 2246 1536 tumultum

532 1578 845 1657 quantum
874 1570 1027 1635 hinc
1054 1570 1449 1635 imminuet?
1500 1578 1744 1656 quanto
1775 1578 1891 1635 aut
1920 1592 2045 1658 ego
2075 1570 2332 1656 parcius
2363 1579 2478 1635 aut
2505 1593 2646 1650 voe,

530 1707 569 1749 o
598 1685 805 1771 pueri,
836 1683 1149 1763 nituistis,
1182 1690 1259 1747 ut
1285 1684 1413 1747 huc
1446 1706 1658 1748 novus
1686 1683 1900 1748 incola
1927 1685 2168 1748 venit?

528 1821 681 1862 nam
711 1797 1011 1883 propriae
1042 1796 1291 1860 telluris
1323 1818 1508 1859 erum
1534 1803 1772 1861 natura
1801 1818 2016 1882 neque
2045 1797 2228 1860 illum

528 1932 650 1974 nee
679 1933 785 1974 me
813 1931 935 1974 nee
968 1931 1359 1995 quemquam
1392 1910 1662 1974 statuit:
1708 1931 1828 1974 noe
1859 1911 2113 1995 expulit
2139 1911 2286 1987 ille3
2641 1940 2737 1987 130

527 2023 711 2087 illum
740 2029 855 2087 aut
880 2021 1205 2108 nequities
1234 2029 1349 2086 aut
1376 2021 1543 2086 vafri
1570 2022 1829 2086 inscitia
1855 2022 2013 2086 iuris
2015 2071 2037 2102 ,

530 2141 933 2221 postremum
963 2135 1249 2220 expellet
1278 2141 1457 2198 certe
1486 2134 1778 2198 vivacior
1805 2136 2018 2199 heroe.

528 2271 704 2312 nunc
732 2269 893 2333 ager
928 2246 1251 2311 Umbreni
1282 2248 1403 2311 sub
1434 2247 1722 2326 nomine,
1752 2269 1962 2333 nuper
1995 2247 2190 2312 Ofelli

530 2360 769 2438 (fietne,
804 2361 929 2423 erit
956 2359 1119 2423 nulli
1149 2361 1473 2445 propi-ine,
1507 2360 1625 2424 sed
1655 2360 1847 2424 cedet
1873 2361 1944 2424 in
1975 2383 2167 2424 usum

530 2495 704 2536 nune
733 2472 916 2552 mihi,
946 2495 1121 2536 nunc
1150 2473 1281 2536 alii.
1387 2473 1686 2558 quocirca
1715 2473 1919 2538 vivite
1950 2474 2174 2552 forteS,
2633 2507 2651 2538 1
2668 2503 2692 2552 3
2703 2505 2731 2554 ς

532 2585 850 2671 fortiaque
880 2585 1173 2650 adversis
1206 2585 1515 2670 opponite
1545 2592 1812 2670 pectora
1839 2587 2087 2650 rebus'.
