3109 4817
1103 197 1678 263 SERMONUM
1740 199 1822 260 II
1891 201 1926 263 ‘7

400 379 609 456 fortiS,
641 384 708 442 et
735 378 805 440 in
836 398 905 441 se
934 378 1079 462 ipso
1111 382 1289 440 totus
1320 382 1494 439 teres
1524 382 1722 459 atque
1753 375 2096 452 rotunduS,

403 491 652 556 externi
683 490 927 576 nequid
956 491 1172 553 valeat
1201 511 1319 574 per
1346 489 1491 552 leve
1521 487 1778 565 morari,

400 607 469 668 in
502 627 694 690 quem
723 625 951 667 manca
978 603 1111 666 ruit
1140 623 1395 686 semper
1424 600 1703 664 fortuna.
1807 607 2078 684 potesne

402 741 482 781 ex
511 719 613 782 his
644 725 717 781 ut
750 716 1084 802 proprium
1116 714 1272 800 quid
1300 736 1570 777 noscere
1595 715 1621 776 ?
1671 713 1957 798 quinque
1995 713 2238 776 talenta

404 831 615 915 poscit
643 837 711 894 te
740 829 994 907 mulier,
1026 835 1225 891 vexat
1254 827 1630 911 foribusque
1660 827 1993 910 repulsum

405 944 737 1028 perfundit
766 943 1004 1028 gelida,
1034 963 1257 1004 rursus
1287 946 1500 1004 vocat.
1607 939 1784 1023 eripe
1815 939 1992 1023 turpi

405 1057 567 1120 colla
592 1056 772 1140 iugo,
807 1059 852 1090 “
870 1055 1056 1132 liber,
1087 1054 1253 1117 liber
1282 1075 1425 1116 sum
1443 1054 1484 1084 ’'
1516 1052 1622 1116 dic
1651 1074 1798 1136 age.
1900 1073 2035 1115 non
2065 1052 2244 1138 quis:

405 1176 600 1254 urget
628 1168 801 1232 enim
826 1167 1132 1230 ‘dominus
1161 1173 1450 1229 mentem
1478 1187 1612 1228 non
1641 1165 1806 1230 lenis
1837 1172 1906 1229 et
1933 1167 2096 1229 acris

408 1282 729 1345 subiectat
754 1282 924 1344 lasso
955 1279 1251 1342 stimulos
1280 1286 1629 1364 versatque
1658 1286 2034 1362 negantem.

406 1395 512 1457 vel
541 1415 687 1458 cum
718 1393 1028 1456 Pausiaca
1058 1399 1301 1476 torpes,
1331 1391 1580 1470 insane,
1616 1392 1876 1470 tabella,

410 1507 519 1591 qui
549 1528 777 1590 peccas
805 1505 1021 1568 minus
1050 1512 1249 1590 atque
1280 1525 1429 1589 eg0,
1461 1526 1610 1568 cum
1645 1505 1837 1568 Fulvi
1867 1505 2300 1590 Rutubaeque

408 1626 520 1683 aut
548 1618 941 1681 Placideiani
969 1623 1277 1682 contento
1308 1617 1554 1702 poplite
1585 1617 1785 1681 miror

409 1731 651 1816 proelia
678 1731 933 1793 rubrica
962 1730 1139 1814 picta
1166 1735 1281 1792 aut
1310 1730 1612 1809 carbone,
1645 1731 1828 1794 velut
1862 1731 1917 1793 si

408 1865 479 1906 re
509 1865 665 1906 vera
691 1849 1013 1928 pugnent,
1046 1841 1301 1920 feriant,
1334 1842 1676 1927 vitentque
1707 1851 2044 1906 moventes

408 1977 585 2018 arma
612 1955 739 2019 viri
764 1957 791 2020 ⁴?
837 1977 1119 2040 nequam
1151 1961 1218 2018 et
1248 1962 1536 2018 cessator
1568 1955 1822 2020 Davus:
1869 1963 1938 2020 at
1965 1955 2108 2040 ipse

414 2069 670 2132 subtilis
699 2074 999 2132 veterum
1028 2067 1226 2129 iudex
1258 2073 1327 2130 et
1354 2067 1622 2132 callidus
1652 2067 1858 2132 audis.

408 2181 497 2244 nil
532 2203 678 2265 ego,
710 2181 766 2244 si
796 2181 997 2242 ducor
1023 2180 1157 2242 libo
1188 2179 1514 2244 fumante:
1562 2181 1685 2244 tibi
1713 2181 1948 2266 ingens

408 2295 615 2357 virtus
644 2300 840 2378 atque
870 2292 1122 2356 animus
1152 2293 1328 2356 cenis
1359 2300 1701 2377 responsat
1731 2294 1965 2378 opimis
1990 2296 2015 2358 ?

411 2406 791 2491 obsequium
820 2406 1069 2470 ventris
1098 2406 1260 2468 mihi
1294 2406 1716 2490 perniciosius
1748 2413 1850 2470 est
1878 2429 1992 2470 cur
2019 2409 2044 2471 ’.Ρ

411 2527 599 2606 tergo
627 2521 876 2604 plector
906 2519 1100 2583 enim.
1206 2518 1317 2604 qui
1348 2526 1423 2582 tu
1449 2519 1812 2603 inpunitior
1838 2521 1970 2599 illa,

414 2655 577 2718 quae
608 2654 809 2717 parvo
841 2633 1009 2696 sumi
1037 2638 1394 2716 nequeunt.
1500 2633 1771 2696 obsonia
1800 2636 2070 2718 captas?

408 2767 645 2830 nempe
673 2746 1155 2808 inamarescunt
1184 2745 1413 2828 epulae
1444 2745 1585 2808 sine
1615 2747 1744 2809 fine
1776 2746 2043 2831 petitae,

410 2858 733 2943 inlusique
764 2856 963 2941 pedes
992 2856 1301 2920 vitiosum
1331 2858 1498 2921 ferre
1528 2867 1833 2923 recusant

413 2991 659 3054 corpus,
770 2991 853 3031 an
882 2969 988 3031 hic
1019 2976 1267 3052 peccat,
1300 2971 1423 3034 sub
1452 2979 1715 3034 noctem
1747 2972 1859 3056 qui
1888 2994 2051 3056 puer
2079 2995 2271 3036 uvam

412 3081 651 3144 furtiva
678 3087 891 3145 mutat
920 3081 1158 3166 strigili
1185 3082 1212 3145 ?
1261 3082 1370 3166 qui
1402 3084 1667 3166 praedia
1696 3085 1946 3162 vendit,

410 3195 503 3257 nil
534 3195 768 3258 servile
798 3195 990 3279 gulae
1020 3216 1254 3279 parens
1285 3195 1533 3259 habet?
1582 3196 1750 3258 adde
1783 3197 1954 3281 quod
1985 3197 2164 3260 idem·

408 3329 541 3370 non
569 3307 795 3371 horam
825 3313 1040 3370 tecum
1071 3328 1212 3371 esse
1244 3315 1453 3390 poteS,
1485 3329 1618 3370 non
1651 3308 1784 3371 otia
1811 3316 1987 3372 recte

413 3443 675 3505 ponere,
710 3428 904 3506 teque
932 3421 1147 3505 ipsum
1177 3421 1347 3483 vitas
1378 3420 1696 3505 fugitivus
1729 3427 1797 3483 et
1827 3441 1991 3498 erm,

409 3533 539 3596 iam
567 3535 721 3598 vino
754 3556 1091 3619 quaerens,
1122 3532 1251 3595 iam
1283 3554 1509 3596 somno
1540 3533 1760 3596 fallere
1790 3555 2044 3596 curam:

412 3647 648 3710 frustra
662 3671 681 3723 3
725 3669 878 3710 nam
908 3669 1123 3710 comes
1154 3653 1293 3709 atra
1323 3647 1562 3730 premit
1591 3645 2013 3731 sequiturque
2044 3647 2398 3732 fugacem'.

2475 199 2597 261 301

2533 857 2598 906 90

2534 1424 2597 1470 95

2507 1987 2603 2019 100

2511 2554 2604 2602 ¹05

2515 3117 2610 3150 110

2511 3679 2605 3726 ¹¹5

412 3760 583 3823 unde
611 3759 771 3823 mihi
798 3760 1082 3844 lapidem
1108 3761 1134 3823 ’.Ρ
1184 3764 1204 3793 ‘
1224 3781 1531 3844 quorsum
1564 3767 1666 3823 est
1695 3760 1932 3842 opus?’
1988 3762 2159 3824 unde
2191 3762 2464 3846 sagittas
2489 3764 2515 3825 ?

415 3877 434 3904 ‘
452 3878 564 3934 aut
591 3873 834 3936 insanit
862 3874 1055 3937 homo
1086 3879 1201 3935 aut
1228 3895 1457 3936 versus
1486 3873 1698 3935 facit'.
1804 3872 1980 3937 ocius
2013 3875 2164 3938 hinc
2197 3881 2262 3938 te

412 3983 480 4045 ni
509 3985 705 4068 rapiS,
736 3987 1004 4050 accedes
1036 4007 1232 4071 opera
1259 4008 1419 4071 agro
1448 4007 1622 4049 nona
1657 3984 1917 4050 Sabino,
