3109 4817
559 250 683 312 348
1435 245 1885 311 HORATII

1528 1757 1805 1820 XVIIII

583 1975 1014 2173 PRISCO
1047 1985 1104 2048 si
1134 1984 1365 2062 crediS,
1401 1984 1750 2048 Maecenas
1782 1986 1997 2063 docte,
2037 1985 2325 2064 CratinO,

786 2097 967 2161 nulla
995 2099 1250 2183 placere
1280 2098 1395 2160 diu
1426 2120 1547 2161 nec
1580 2098 1804 2162 vivere
1837 2100 2122 2162 carmina
2150 2107 2450 2182 possunt,

561 2232 727 2295 quae
758 2212 1138 2275 scribuntur
1165 2233 1374 2295 aquae
1406 2212 1768 2296 potoribus,
1873 2220 1951 2276 ut
1979 2213 2146 2275 male
2179 2234 2370 2276 sanos

558 2323 905 2408 adscripsit
936 2324 1136 2387 Liber
1166 2323 1403 2407 satyris
1436 2323 1784 2409 faunisque
1816 2331 2065 2408 poetaS,

558 2437 712 2498 vina
740 2437 875 2500 fere
904 2435 1130 2500 dulces
1161 2436 1470 2499 oluerunt
1499 2459 1690 2499 mane
1722 2459 2046 2500 camenae.

556 2548 858 2612 laudibus
887 2548 1184 2632 arguitur
1213 2548 1353 2613 vini
1381 2549 1653 2612 vinosus
1685 2549 2012 2613 Homerus
2036 2577 2049 2613 z

559 2661 811 2724 Ennius
841 2661 981 2744 ipse
1011 2668 1197 2745 pater
1227 2684 1585 2746 numquam
1614 2662 1742 2725 nisi
1772 2670 1964 2747 potus
1995 2664 2076 2725 ad
2108 2685 2286 2726 arma

559 2773 858 2856 prosiluit
887 2773 1180 2837 dicenda.
1289 2779 1306 2807 ‘
1328 2775 1542 2837 forum
1575 2775 1940 2860 Putealque
1972 2775 2243 2839 Libonis

559 2886 883 2949 mandabo
914 2886 1122 2963 siccis,
1154 2886 1435 2949 adimam
1467 2898 1729 2950 cantare
1761 2889 2060 2952 severis'.

561 2998 683 3061 hoc
713 2998 906 3061 simul
939 2998 1134 3077 edixi,
1165 3021 1298 3061 non
1329 3022 1665 3063 cessavere
1698 3007 1930 3082 poetae

558 3117 880 3174 nocturno
911 3119 1157 3175 certare
1188 3134 1392 3189 mero,
1426 3119 1658 3196 putere
1691 3112 1949 3175 diurne.

561 3225 769 3310 quid?
818 3225 1021 3310 siquis
1050 3225 1243 3288 vultu
1276 3232 1465 3288 torvo
1496 3226 1674 3287 ferus
1709 3233 1777 3288 et
1806 3226 1974 3311 pede
2005 3226 2186 3289 nudo

559 3338 967 3423 exiguaeque
1000 3344 1196 3423 togae
1227 3338 1493 3401 simulet
1523 3345 1781 3401 textore
1818 3338 2153 3417 Catonem,

556 3452 958 3514 virtutemne
988 3457 1438 3534 repraesentet
1464 3473 1810 3535 moresque
1846 3451 2109 3515 Catonis
2133 3453 2158 3514 ἲ

556 3563 738 3648 rupit
767 3564 1080 3626 Iarbitam
1112 3562 1487 3648 Timagenis
1517 3565 1774 3626 aemula
1803 3564 2052 3648 lingua,
2240 3603 2283 3640 3

557 3677 717 3739 dum
749 3677 972 3739 studet
1001 3677 1292 3738 urbanus
1324 3676 1672 3760 tenditque
1704 3675 1988 3738 disertus
2019 3675 2266 3739 haberi.

558 3789 804 3872 decipit
834 3788 1165 3872 exemplar
1192 3788 1373 3851 vitiis
1402 3787 1743 3850 imitabile.
1850 3788 2087 3871 quodsi

559 3902 866 3984 pallerem
896 3923 1069 3977 casu,
1103 3901 1408 3964 biberent
1437 3922 1772 3984 exsangue
1803 3900 2159 3963 cuminum.

561 4035 598 4071 0
628 4013 1009 4089 imitatore-S,
1045 4033 1308 4075 servum
1341 4035 1563 4096 pchS‚
1599 4021 1674 4075 ut
1704 4013 1862 4075 mihi
1896 4034 2087 4095 saepe

2714 3030 2775 3061 10

2716 3594 2775 3641 ¹⁵
