3109 4817
957 162 1725 229 EPISTULARUM
1787 163 1822 225 I
1884 162 1946 240 ’7,
1996 163 2034 225 8
2468 164 2594 227 325

577 2144 803 2209 ELSO
836 2143 1120 2228 gaudere
1150 2149 1219 2206 et
1248 2143 1415 2206 bene
1441 2164 1582 2206 rem
1612 2164 1841 2227 gerere
1872 2143 2288 2207 Albinovano

618 2279 804 2321 musa
830 2262 1061 2340 rogata
1093 2254 1285 2332 refer,
1317 2254 1538 2318 comiti
1571 2256 1950 2339 scribaeque
1980 2255 2285 2321 Neronis.

364 2369 421 2433 si
457 2375 724 2455 quaeret
756 2368 913 2454 quid
943 2389 1160 2451 agam,
1192 2366 1296 2428 dic
1325 2368 1532 2431 multa
1566 2374 1633 2430 et
1660 2367 1933 2452 pulchra
1961 2350 2323 2432 minantem

361 2483 585 2545 vivere
613 2504 735 2544 nec
764 2487 944 2544 recte
975 2500 1098 2542 nec
1130 2478 1452 2543 suaviter:
1501 2480 1675 2545 haud
1708 2480 1860 2566 quia
1889 2481 2141 2565 grando

362 2593 732 2658 contuderit
759 2593 929 2657 vites
962 2592 1298 2677 oleamque
1328 2593 1753 2657 momorderit
1781 2601 2023 2672 aestuS,
2539 2628 2565 2676 5

358 2729 480 2771 nec
513 2707 663 2792 quia
689 2704 1066 2790 longinquis
1097 2712 1463 2768 armentum
1493 2713 1794 2792 aegrotet
1821 2707 1890 2770 in
1920 2709 2096 2792 agris
2116 2735 2135 2785 3

359 2819 474 2883 sed
506 2819 656 2905 quia
681 2824 903 2882 mente
934 2817 1148 2880 minus
1178 2818 1433 2881 validus
1466 2842 1660 2904 quam
1690 2841 1959 2905 corpore
1991 2829 2133 2885 toto

359 2931 449 2993 ni]
480 2932 707 2994 audire
732 2930 953 3007 velim,
984 2930 1079 2992 nil
1109 2929 1380 3009 discere,
1416 2932 1590 3016 quod
1618 2934 1795 2997 levet
1823 2955 2092 3017 aegrum
2112 2959 2131 3010 3

356 3045 501 3109 fidis
532 3044 823 3108 offendar
852 3042 1141 3120 medicis,
1173 3043 1413 3106 irascar
1441 3045 1688 3122 amicis,

357 3179 471 3221 cur
497 3179 603 3220 me
633 3157 892 3219 funesto
921 3162 1276 3240 properent
1304 3177 1523 3218 arcere
1553 3163 1863 3233 vetern03
2492 3189 2552 3222 ιο

359 3291 521 3354 quae
549 3291 826 3332 nocuere
857 3290 1111 3353 sequar,
1138 3267 1384 3351 fugiam
1415 3291 1579 3353 quae
1608 3270 1866 3352 profore
1897 3270 2153 3332 credam
2181 3297 2197 3345 ;

354 3382 599 3445 Romae
628 3381 830 3444 Tibur
857 3402 1067 3444 amem
1097 3386 1431 3457 ventosus,
1463 3380 1702 3443 Tibure
1734 3380 2029 3446 Romam.

351 3500 502 3578 post
529 3494 710 3571 haec,
742 3500 817 3557 ut
844 3494 1079 3571 valeat,
1113 3515 1241 3577 quo
1269 3499 1458 3576 pacto
1490 3514 1629 3555 rem
1658 3500 1849 3576 gerat
1879 3500 1946 3557 et
1975 3517 2066 3572 se,

350 3612 426 3668 ut
453 3606 705 3690 placeat
731 3607 953 3671 iuveni
986 3612 1365 3691 percontare
1395 3611 1598 3689 utque
1629 3605 1898 3672 cohorti.

348 3717 403 3780 si
432 3718 606 3782 dicet
636 3723 656 3752 ‘
674 3725 851 3781 recte
868 3719 888 3750 ’
893 3766 913 3797 ,
944 3719 1225 3802 primum
1253 3717 1561 3801 gaudere,
1594 3717 1870 3781 subinde
2479 3747 2498 3781 ι
2514 3747 2540 3797 ς

348 3838 765 3916 praeceptum
792 3830 1093 3895 auriculis
1124 3832 1246 3894 hoc
1274 3830 1588 3893 instillare
1618 3838 1969 3907 mementO,

348 3949 424 4006 ut
452 3950 527 4007 tu
555 3943 903 4021 fortunam,
936 3943 1026 4007 sic
1056 3966 1175 4007 nos
1206 3949 1295 4020 te,
1333 3942 1539 4020 Celse,
1571 3942 1869 4008 feremus.
