3109 4817
508 225 638 289 264
1374 225 1841 292 HORATII

502 424 669 465 unus
699 401 1022 480 vivorum,
1056 400 1357 465 Fundani
1381 426 1399 478 3
1446 401 1654 466 Pollio
1682 424 1916 487 regum

502 514 673 577 facta
701 514 877 577 canit
903 514 1071 598 pede
1106 521 1210 578 ter
1238 536 1544 599 percusso
1568 538 1587 591 ;
1633 514 1802 578 forte
1831 534 1989 599 epos
2016 537 2168 579 acer

501 633 578 689 ut
605 647 798 690 nemo
827 626 1065 691 Varius
1096 627 1314 703 ducit3
1360 627 1554 690 molle
1585 633 1783 711 atque
1812 626 2097 691 facetum

500 735 796 823 Vergilio
827 745 1196 803 annuerunt
1223 738 1589 823 gaudentes
1618 762 1767 803 rure
1798 761 2138 804 camenae:

501 850 626 914 hoc
657 858 817 929 erat,
850 859 1120 937 experto
1151 852 1390 915 frustra
1416 850 1711 915 Varrone
1740 851 2024 915 Atacino

503 971 699 1048 atque
736 965 1125 1049 quibusdam
1153 963 1297 1028 aliis
1325 964 1559 1028 melius
1597 963 1775 1049 quod
1803 965 2087 1028 scribere
2116 985 2399 1049 possem,

501 1077 844 1140 inventore
874 1078 1086 1140 minor
1109 1101 1128 1155 3
1178 1099 1394 1161 neque
1425 1098 1552 1162 ego
1581 1075 1676 1140 illi
1705 1076 2046 1141 detrahere
2074 1078 2285 1141 ausim

503 1190 879 1253 haerentem
909 1190 1108 1274 capiti
1137 1212 1286 1251 cum
1315 1191 1523 1253 multa
1550 1189 1743 1253 laude
1772 1210 2102 1253 coronam.

501 1307 571 1364 at
599 1300 736 1363 dixi
767 1302 966 1365 fluere
993 1302 1166 1365 hunc
1193 1302 1614 1380 lutulentum,
1646 1324 1839 1386 saepe
1868 1302 2189 1366 ferentem

504 1414 689 1497 plura
719 1415 981 1499 quidem
1011 1416 1298 1479 tollenda
1325 1415 1795 1501 relinquendis,
1902 1438 2051 1501 age,
2084 1437 2348 1501 quaesO,

503 1532 578 1588 tu
607 1526 768 1589 nihil
796 1527 865 1590 in
895 1549 1136 1612 magno
1165 1528 1396 1591 doctus
1425 1527 1851 1612 reprehendis
1881 1527 2221 1592 Homero?

499 1638 594 1702 nil
624 1640 824 1704 comis
854 1640 1090 1725 tragici
1117 1647 1332 1704 mutat
1359 1640 1648 1704 Lucilius
1678 1639 1861 1718 Acci,

499 1774 632 1816 non
660 1752 833 1816 ridet
860 1775 1087 1817 versus
1119 1753 1290 1816 Enni
1319 1753 1646 1837 gravitate
1675 1754 1982 1832 minores,

500 1888 648 1927 cum
678 1865 760 1929 de
790 1887 860 1929 se
888 1864 1178 1950 loquitur
1203 1887 1337 1929 non
1367 1872 1444 1929 ut
1470 1865 1715 1929 maiore
1744 1866 2071 1950 reprensis
2098 1867 2125 1930 ἲ

501 1979 659 2064 quid
688 1986 872 2042 vetat
901 1986 971 2042 et
996 1985 1255 2042 nosmet
1284 1977 1492 2041 Lucili
1521 1977 1763 2062 scripta
1790 1978 2089 2062 legentes

499 2113 830 2177 quaerere,
860 2114 1020 2154 num
1047 2091 1242 2169 illius,
1272 2113 1433 2153 num
1461 2112 1680 2153 rerum
1710 2089 1873 2153 dura
1900 2090 2161 2175 negarit

497 2204 851 2268 versiculos
880 2210 1113 2267 natura
1141 2203 1352 2289 magis
1379 2204 1584 2266 factos
1616 2208 1685 2266 et
1714 2208 1945 2267 euntes

497 2316 777 2394 mollius,
808 2339 883 2380 ac
914 2316 1116 2401 siquis
1146 2316 1425 2400 pedibus
1456 2315 1615 2401 quid
1645 2316 1944 2379 claudere
1974 2315 2171 2394 senis,

497 2427 622 2491 hoc
653 2435 908 2492 tantum
935 2436 1304 2507 contentus,
1335 2435 1512 2492 amet
1541 2427 1877 2512 scripsisse
1907 2428 2223 2492 ducentos

497 2548 650 2603 ante
685 2540 903 2605 cibum
932 2562 1183 2619 νει-ειη,
1216 2540 1493 2604 totidem
1523 2547 1813 2619 cenatus,
1846 2540 2106 2604 Etrusci

499 2654 688 2736 quale
717 2652 842 2716 fuit
875 2653 1057 2717 Cassi
1085 2653 1312 2738 rapido
1341 2653 1701 2717 ferventius
1730 2653 1905 2716 amni

495 2765 854 2849 ingenium,
886 2767 1095 2851 capsis
1128 2788 1321 2851 quem
1349 2766 1521 2828 fama
1550 2774 1653 2829 est
1682 2787 1823 2830 esse
1851 2765 2165 2849 librisque

496 2878 867 2942 ambustum
903 2878 1201 2963 propriis.
1303 2878 1502 2941 fuerit
1532 2877 1839 2956 Lucilius,
1870 2878 2159 2963 inquam,

497 2991 698 3054 comis
729 2998 798 3055 et
825 2992 1134 3069 urbanuS,
1165 2991 1366 3054 fuerit
1391 2989 1676 3053 limatior
1703 2990 1879 3054 idem

500 3126 693 3189 quam
721 3103 901 3167 rudis
933 3111 1002 3167 et
1032 3104 1294 3167 Graecis
1323 3103 1558 3167 intacti
1588 3103 1891 3167 carminis
1920 3110 2146 3168 auctor

499 3239 820 3303 quamque
851 3224 1194 3301 poetarum
1223 3217 1551 3281 seniorum
1583 3216 1815 3281 turba:
1863 3216 1982 3281 sed
2007 3215 2139 3295 ille,

497 3330 553 3393 si
583 3330 752 3394 foret
778 3330 900 3393 hoc
929 3337 1228 3393 nostrum
1257 3330 1392 3394 fato
1420 3329 1661 3393 dilatus
1688 3328 1759 3392 in
1788 3350 2045 3407 aevum,

497 3444 825 3507 detereret
854 3444 980 3507 sibi
1009 3445 1239 3521 multa,
1271 3443 1592 3507 recideret
1622 3464 1813 3507 omne
1846 3442 2018 3528 quod
2048 3442 2217 3506 ultra

495 3556 854 3641 perfectum
885 3557 1270 3634 traheretur,
1305 3563 1373 3619 et
1401 3556 1469 3620 in
1499 3578 1697 3619 versu
1723 3554 2019 3619 faciendo

498 3691 688 3753 saepe
724 3676 921 3753 caput
951 3669 1268 3747 scaberet,
1299 3670 1487 3732 vivos
1521 3676 1589 3731 et
1617 3668 1883 3731 roderet
1910 3688 2188 3752 ungueS.

494 3803 688 3866 saepe
717 3782 938 3845 stilum
966 3788 1206 3859 vertas,
1237 3782 1474 3844 iterum
1507 3802 1672 3865 quae
1704 3780 1906 3865 digna
1933 3781 2069 3865 legi
2098 3780 2230 3843 sint

495 3894 873 3978 scriptam-m,
905 3914 1119 3977 neque
1151 3900 1216 3957 te
1247 3902 1322 3957 ut
1351 3893 1624 3957 miretur
1653 3894 1847 3957 turba
1874 3893 2151 3969 labores,

498 4014 842 4071 contentus
873 4006 1096 4090 paucis
1125 4006 1496 4071 lectoribus.
1600 4029 1683 4070 an
1715 4014 1829 4071 tua
1857 4005 2128 4069 demens

2642 771 2713 818 45

2648 1331 2714 1379 50

2644 1897 2710 1945 55

2640 2444 2709 2491 60

2644 3586 2713 3631 70
