3109 4817
803 279 1377 347 CARMINUM
1440 278 1551 344 ΠΙ
1619 281 1722 357 10,
1797 279 1870 341 11

556 459 835 524 divitum
854 457 1109 522 ,mensis
1140 463 1211 520 et
1238 456 1447 519 amica
1476 454 1766 540 tempIiS‚

555 571 661 636 dic
688 569 941 648 modos,
976 568 1161 654 Lyde
1192 568 1427 654 quibus
1460 567 1824 632 obstinatas

556 685 843 769 applicet
869 681 1067 760 auris,

559 817 723 882 quae
749 795 935 860 velut
962 794 1111 858 latis
1143 815 1311 880 equa
1340 793 1535 858 trima
1563 793 1810 878 campis

556 908 725 974 ludit
754 906 1027 972 exultim
1055 905 1421 991 metuitque
1450 905 1660 990 tangi,

556 1019 929 1106 nuptiarum
960 1041 1193 1105 expers
1224 1025 1295 1083 et
1321 1018 1533 1082 adhuc
1565 1025 1872 1102 protervo

558 1133 763 1198 cruda
791 1132 1047 1197 marito,

562 1253 635 1311 tu
663 1253 851 1331 potes
881 1245 1089 1330 figres
1118 1245 1523 1329 comitesque
1552 1244 1753 1308 silvas

562 1360 799 1423 ducere
828 1365 899 1422 et
927 1357 1103 1422 rivos
1133 1358 1378 1422 celeres
1407 1355 1646 1420 morari
1672 1380 1690 1431 ;

564 1470 761 1536 cessit
786 1470 1089 1533 immanis
1118 1469 1243 1532 tibi
1271 1469 1634 1534 blandienti

564 1582 802 1646 ianitor
828 1581 1013 1646 aulae

572 1695 913 1772 Cerberus,
947 1693 1245 1780 quamvis
1276 1693 1506 1758 furiale
1536 1701 1800 1758 centum

566 1807 863 1872 muniant
890 1829 1141 1893 angues
1176 1813 1375 1892 caput
1404 1807 1543 1871 eius
1573 1814 1772 1893 atque

570 1921 837 2007 spiritus
866 1927 1081 1985 taeter
1108 1921 1451 2006 saniesque
1480 1929 1704 1985 manet

572 2056 681 2098 ore
710 2033 1029 2118 trilingui.

574 2146 729 2231 quin
760 2153 829 2211 et
859 2145 1051 2210 Ixion
1080 2145 1437 2232 Tityosque
1466 2147 1658 2211 vultu

570 2258 715 2323 risit
742 2257 992 2336 invitm
1038 2260 1227 2324 stetit
1252 2281 1417 2324 urna
1443 2261 1706 2345 paulum

575 2370 764 2451 sicca,
794 2371 953 2434 dum
982 2379 1173 2456 grato
1204 2371 1413 2436 Danai
1442 2373 1690 2457 puellas

576 2483 859 2548 carmine
889 2484 1155 2550 mulces.

577 2595 795 2659 audiat
826 2595 1011 2680 Lyde
1040 2597 1251 2661 scelus
1280 2603 1479 2682 atque
1506 2605 1698 2662 notas

578 2708 907 2794 virginum
939 2729 1181 2793 poenas
1214 2715 1281 2773 et
1308 2709 1503 2774 inane
1532 2711 1836 2796 lymphae

579 2821 823 2885 dolium
858 2821 1061 2886 fundo
1092 2822 1427 2906 pereuntis
1454 2823 1588 2887 imo

583 2955 851 3020 seraque
882 2935 1037 3013 fata,
1176 2987 1186 2994 .

583 3069 742 3132 quae
772 3053 1043 3111 manent
1070 3048 1293 3132 culpas
1325 3047 1521 3111 etiam
1552 3047 1676 3110 sub
1707 3047 1898 3112 Orco,

581 3159 815 3244 impiae
844 3181 997 3222 nam
1028 3159 1185 3244 quid
1216 3165 1489 3244 potuere
1518 3159 1776 3224 maius?

581 3271 814 3356 impiae
849 3292 1121 3355 sponsos
1150 3277 1421 3356 potuere
1454 3271 1618 3336 duro

586 3384 857 3470 perdere
886 3386 1079 3448 ferro.
1484 3421 1491 3426 -

587 3519 711 3562 una
737 3498 823 3563 de
854 3499 1077 3563 multis
1107 3497 1245 3563 face
1274 3499 1551 3585 nuptiali

588 3610 787 3696 digna
815 3610 1149 3696 periurum
1180 3611 1305 3674 fuit
1331 3611 1403 3675 in
1431 3617 1770 3697 parentem

587 3721 925 3808 splendide
953 3723 1235 3787 mendax
1268 3731 1336 3788 et
1363 3725 1432 3787 in
1465 3746 1656 3788 omne
1685 3723 1876 3809 virgo

586 3835 819 3900 nobilis
850 3857 1107 3915 aevum,

594 3952 611 3980 ‘
640 3949 857 4032 surge’
892 3970 1057 4033 quae
1086 3948 1254 4012 dixit
1281 3948 1505 4012 iuveni
1534 3950 1790 4027 maritO,

596 4063 613 4092 ‘
644 4083 863 4146 surge,
898 4083 984 4125 ne
1014 4061 1249 4146 longus
1282 4061 1405 4125 tibi
1435 4085 1701 4126 somnus
1731 4061 1904 4125 unde

2345 277 2466 340 123

2425 3751 2485 3800 35
