3109 4817
885 288 1010 351 DE
1083 288 1354 352 ARTE
1430 288 1876 354 POETICA

251 464 572 549 indignor
603 464 990 550 quandoque
1020 466 1230 528 bonus
1261 465 1573 530 dormitat
1602 466 1952 531 Homerus

254 598 490 640 verum
521 577 702 662 operi
732 577 931 662 longo
963 578 1058 641 fas
1089 584 1194 641 est
1223 577 1538 663 obrepere
1571 600 1893 643 somnum.

258 696 340 752 ut
368 689 623 773 pictura
652 689 901 774 poesis:
950 690 1077 753 erit
1108 711 1295 775 quae,
1329 690 1385 753 si
1414 692 1681 775 propius
1714 699 1872 770 stes,

258 808 330 865 te
359 801 576 886 capiat
603 802 836 887 magiS,
868 809 937 866 et
968 802 1306 887 quaedam,
1339 802 1396 866 si
1424 802 1687 888 longius
1715 812 1976 889 apstes3

259 915 423 978 haec
451 922 628 979 amat
657 916 1026 993 obscurum,
1057 916 1238 979 volet
1264 915 1426 979 haec
1457 918 1581 981 sub
1611 919 1755 982 luce
1784 918 2016 997 videri,

260 1028 494 1091 iudicis
523 1036 829 1113 argutum
860 1050 1026 1114 quae
1055 1049 1187 1091 non
1217 1029 1524 1092 formidat
1551 1052 1864 1108 acumen3

261 1141 422 1204 haec
456 1140 700 1225 placuit
729 1142 952 1219 semel,
983 1140 1144 1203 haec
1174 1140 1437 1205 deciens
1467 1142 1750 1226 repetita
1774 1144 2081 1227 placebit.

262 1275 302 1318 o
333 1254 536 1317 maior
562 1252 896 1331 iuvenum,
931 1252 1228 1338 quamvis
1259 1261 1327 1316 011
1355 1275 1517 1317 voce
1547 1260 1823 1339 paterna
2004 1224 2021 1241 ο

261 1367 530 1452 fingeris
557 1368 641 1431 ad
670 1374 921 1431 rectum
953 1376 1022 1430 et
1048 1388 1167 1451 per
1196 1375 1262 1431 te
1294 1368 1490 1452 sapis,
1521 1369 1647 1432 hoc
1678 1368 1803 1433 tibi
1834 1370 2081 1433 dictum

263 1481 418 1544 tolle
447 1502 716 1559 memor,
749 1480 946 1543 certis
975 1480 1267 1544 medium
1303 1487 1371 1544 et
1402 1482 1738 1545 tolerabile
1767 1484 1967 1547 rebus

263 1599 437 1657 recte
469 1592 736 1657 concedi
761 1617 778 1669 3
825 1592 1160 1656 consultus
1189 1593 1352 1656 iuris
1385 1601 1454 1656 et
1486 1601 1670 1657 actor

263 1728 596 1769 causarum
626 1705 972 1769 mediocris
1001 1706 1191 1769 abest
1219 1706 1465 1769 virtute
1495 1705 1727 1769 diserti

264 1819 606 1897 Messalae,
635 1840 758 1882 nec
782 1818 908 1883 scit
938 1826 1256 1904 quantum
1293 1818 1643 1883 Cascellius
1672 1820 1907 1897 Aulus,

266 1932 380 1995 sed
412 1938 630 1995 tamen
660 1930 731 1994 in
758 1931 968 2016 pretio
999 1938 1135 1995 est:
1183 1930 1621 1995 mediocribus
1651 1953 1795 1995 esse
1825 1932 2037 2015 poetis

262 2066 393 2108 non
423 2045 743 2122 homines,
774 2065 908 2107 non
937 2044 1028 2123 di,
1059 2065 1194 2107 non
1223 2064 1603 2107 concessere
1626 2044 1985 2109 columnae.

265 2164 339 2221 ut
366 2164 588 2243 gratas
617 2157 791 2220 inter
819 2178 1077 2220 mensas
1108 2156 1498 2240 symphonia
1525 2156 1773 2220 discors

265 2277 332 2335 et
359 2292 649 2334 crassum
693 2277 1102 2355 unguentum
1134 2276 1203 2333 et
1237 2268 1442 2333 Sardo
1473 2291 1621 2332 cum
1652 2270 1843 2333 melle
1873 2291 2160 2354 papaver

265 2384 624 2462 offendunt,
655 2390 914 2468 poterat
941 2382 1092 2446 duci
1125 2382 1276 2466 quia
1303 2404 1466 2445 cena
1493 2382 1636 2446 sine
1664 2382 1831 2460 istis,

266 2498 354 2561 sic
383 2496 616 2561 animis
644 2503 873 2560 natum
901 2496 1378 2580 inventumque
1408 2516 1643 2579 poema
1670 2495 1994 2572 iuvandiS,

265 2610 318 2674 si
348 2610 610 2694 paulum
641 2630 894 2673 summo
925 2608 1229 2686 decessit,
1260 2608 1482 2691 vergit
1509 2607 1593 2670 ad
1620 2608 1846 2673 imum.

265 2722 486 2785 ludere
520 2722 632 2807 qui
658 2722 892 2798 nescit,
925 2721 1398 2805 campestribus
1428 2720 1719 2785 abstinet
1746 2722 1966 2799 armis,

265 2834 692 2919 indoctusque
722 2832 891 2917 pilae
921 2832 1166 2896 discive
1197 2833 1492 2897 trochive
1524 2833 1821 2919 quiescit,

261 2968 346 3010 110
376 2946 622 3031 spissae
652 2946 854 3009 risum
885 2946 1119 3008 tollant
1145 2946 1392 3029 inpune
1423 2967 1736 3010 coronae:

265 3060 376 3145 qui
405 3058 615 3124 nescit
640 3080 894 3136 versae,
928 3064 1147 3121 tamen
1177 3058 1378 3121 audet
1405 3058 1677 3143 fingere.
1783 3060 2009 3144 quidni
2037 3062 2063 3124 ἲ

262 3174 430 3237 liber
458 3180 528 3237 et
553 3172 903 3257 ingenuus,
928 3170 1312 3255 praesertim
1349 3192 1583 3233 census
1615 3178 1985 3254 equestrem

262 3307 584 3349 summam
611 3305 1048 3359 nummorum,
1079 3282 1370 3366 vitioque
1405 3289 1697 3345 remotus
1726 3282 1809 3345 ab
1841 3283 2037 3347 omni.

260 3407 336 3463 tu
362 3397 527 3461 nihil
554 3396 763 3459 invita
790 3395 969 3459 dices
999 3394 1278 3457 faciesve
1308 3392 1649 3456 Minerva:

258 3510 328 3573 id
361 3510 484 3574 tibi
510 3508 910 3583 iudiciumst,
941 3529 1018 3571 ea
1047 3527 1252 3569 mens.
1359 3504 1574 3589 siquid
1606 3512 1828 3568 tamen
1858 3505 2011 3568 olim

259 3620 621 3706 scripseris,
649 3621 721 3683 in
745 3620 960 3684 Maeci
989 3618 1346 3683 descendat
1372 3616 1607 3680 iudicis
1634 3618 1810 3681 auris

257 3740 330 3798 et
358 3733 565 3818 patris
595 3740 665 3797 et
691 3740 970 3811 nostras,
1000 3751 1378 3814 nonumque
1410 3736 1748 3813 prematur
1772 3730 1842 3793 in
1871 3752 2137 3809 annum,

259 3846 660 3910 membranis
687 3843 866 3910 intus
897 3844 1129 3930 positis
1153 3868 1168 3905 ·.
1215 3842 1434 3905 delere
1463 3841 1691 3905 licebit

259 3960 439 4045 quod
467 3980 600 4021 non
632 3958 912 4021 edideris
936 3982 956 4033 3
1001 3955 1214 4020 nescit
1241 3975 1372 4017 vox
1401 3953 1602 4017 missa
1629 3956 1894 4020 reverti.

255 4072 596 4137 silvestres
626 4070 920 4134 homines
951 4092 1132 4134 sacer
1157 4069 1611 4151 interpresque
1643 4068 1913 4131 deorum

2346 292 2470 354 381

2374 592 2475 654 360

2373 1161 2473 1221 365

2370 1736 2474 1783 370

2369 2300 2467 2348 375

2374 2854 2472 2914 380

2374 3414 2471 3475 385
