3109 4817
879 231 1640 297 EPISTULARUM
1712 232 1744 293 I
1815 232 1912 309 10,
1985 233 2055 294 11

1396 1654 1497 1716 ΧΙ

358 1859 702 2062 QUID
732 1867 854 1932 tibi
885 1868 1027 1932 visa
1062 1867 1280 1946 Chios,
1311 1868 1575 1946 Bullati‚
1607 1875 1890 1953 notaque
1924 1869 2192 1945 Lesbos,

578 1971 737 2070 quid
767 1982 1081 2048 concinna
1117 1984 1365 2061 Samos,
1400 1984 1554 2069 quid
1591 1983 1814 2047 Croesi
1842 1984 2025 2069 regia
2060 1983 2300 2059 Sardis,

346 2098 629 2182 Zmyrna
660 2097 815 2182 quid
848 2104 916 2161 et
955 2096 1338 2181 Colophon?
1387 2097 1629 2158 maiora
1657 2096 1992 2160 minorave
2022 2096 2192 2159 fama
2216 2098 2242 2158 ’.Ρ

345 2217 662 2274 cunctane
692 2231 847 2293 prae
879 2230 1108 2292 campo
1140 2215 1207 2272 et
1235 2208 1540 2271 Tiberino
1571 2207 1838 2270 flumine
1869 2209 2158 2285 sordent,

343 2345 425 2385 an
456 2324 641 2386 venit
666 2323 736 2385 in
767 2329 994 2385 votum
1024 2321 1329 2385 Attalicis
1362 2343 1442 2384 ex
1472 2320 1745 2384 urbibus
1775 2342 1925 2399 una,

344 2457 427 2498 an
460 2435 797 2499 Lebedum
825 2435 1052 2498 laudas
1084 2433 1232 2496 odio
1262 2434 1458 2498 maris
1488 2441 1686 2518 atque
1716 2433 2018 2498 viarum?

346 2548 470 2612 scis
508 2547 811 2611 Lebedus
845 2547 1002 2632 quid
1032 2545 1137 2610 sit.
1248 2546 1471 2610 Gabiis
1502 2547 1822 2610 desertior
1851 2553 2046 2632 atque

349 2660 610 2723 Fidenis
639 2660 857 2723 vicus:
906 2667 1125 2722 tamen
1155 2659 1285 2723 illic
1316 2660 1541 2723 vivere
1572 2661 1831 2739 vellem,

347 2773 718 2857 oblitusque
747 2794 1063 2850 meorum,
1097 2772 1584 2837 obliviscendus
1617 2781 1684 2838 et
1712 2773 1861 2851 illis,

344 2884 729 2970 Neptunum
757 2885 984 2970 procul
1014 2907 1049 2948 e
1080 2891 1257 2949 terra
1286 2893 1582 2970 spectare
1614 2889 1957 2950 furentem.

345 2998 459 3062 sed
488 3020 701 3083 neque
735 2998 845 3083 qui
882 2997 1103 3082 Capua
1132 2998 1409 3062 Romam
1444 2999 1636 3083 petit,
1666 3000 1877 3062 imbre
1907 3001 2175 3083 lutoque

346 3132 667 3194 aspersuS,
699 3111 880 3175 volet
910 3111 979 3172 in
1011 3132 1304 3195 caupona
1332 3111 1556 3174 vivere
1578 3136 1597 3187 3
1642 3133 1763 3174 neo
1796 3109 1906 3194 qui

344 3223 553 3308 frigus
583 3223 868 3309 collegit,
899 3224 1122 3287 furnos
1153 3230 1222 3286 et
1250 3223 1482 3286 balnea
1510 3223 1734 3286 laudat

346 3342 421 3399 ut
448 3336 843 3400 fortunatam
872 3337 1064 3420 plene
1093 3335 1497 3419 praestantia
1525 3335 1732 3398 vitam
1752 3360 1771 3410 ;

344 3470 464 3512 nec
494 3449 550 3512 si
580 3455 647 3512 te
676 3449 928 3513 validus
956 3447 1298 3512 iactaverit
1326 3453 1549 3509 auster
1578 3447 1647 3509 in
1677 3448 1831 3522 alto,

343 3561 583 3624 idcirco
613 3583 847 3626 navem
878 3568 1058 3625 trans
1088 3561 1431 3646 Aegaeum
1462 3581 1640 3622 mare
1672 3559 1941 3622 vendas.

343 3673 649 3737 incolumi
681 3673 946 3737 Rhodos
978 3681 1046 3738 et
1077 3673 1395 3757 Mytilene
1428 3672 1697 3756 pulchra
1728 3671 1884 3734 facit
1916 3673 2109 3756 quod-

348 3787 624 3870 paenula
653 3786 953 3865 solstitie,
986 3792 1349 3870 campestre
1378 3785 1706 3848 nivalibus
1737 3785 1934 3863 auris,
1981 3832 1992 3842 .

346 3922 463 3983 per
490 3899 788 3962 brumam
817 3899 1090 3977 Tiberis,
1124 3898 1341 3962 sextili
1370 3920 1594 3961 mense
1627 3897 1936 3961 caminus,

345 4012 502 4075 dum
533 4012 687 4075 licet
714 4034 788 4076 ac
818 4014 1071 4076 vultum
1104 4018 1323 4076 servat
1356 4011 1645 4074 Fortuna
1680 4010 2062 4095 benignum,

2423 234 2548 296 329

2440 3473 2542 3518 ..5

2481 4041 2547 4073 20
