3109 4817
1141 246 1751 313 SERMONUM
1812 249 1896 312 II
1956 250 1993 313 3
2542 248 2667 313 279

466 420 800 505 octoginta
828 442 1034 484 annos
1063 429 1280 499 natus,
1311 422 1416 485 cui
1447 422 1741 507 stragula
1767 422 1995 501 vestis,

460 533 816 597 blattarum
843 554 919 596 ac
950 534 1272 597 tinearum
1304 535 1553 618 epulae,
1586 542 1922 619 putrescat
1948 536 2019 600 in
2049 559 2235 601 arca:

460 646 768 709 nimirum
795 646 1062 716 insanus
1091 646 1314 731 paucis
1344 646 1667 726 videatur,
1700 669 1779 712 eo
1811 648 1985 733 quod
2577 679 2671 713 120

460 759 744 822 maxima
772 781 922 844 pars
950 760 1288 823 hominum
1317 761 1547 823 morbo
1576 760 1857 825 iactatur
1886 762 2137 825 eodem.

459 871 628 935 filius
658 878 773 936 aut
801 872 998 936 etiam
1027 872 1188 937 haec
1216 872 1490 936 libertus
1521 880 1598 936 ut
1627 873 1850 937 ebibat
1876 874 2090 951 heres,

462 984 562 1048 dis
591 984 853 1047 inimice
882 1005 1105 1061 senex,
1138 984 1426 1047 custodis
1452 985 1479 1047 ἲ
1532 1005 1617 1047 ne
1647 984 1772 1047 tibi
1799 984 2023 1049 desit?

464 1098 846 1181 quantulum
878 1096 1052 1160 enim
1081 1117 1372 1159 summae
1407 1096 1691 1160 curtabit
1722 1097 1993 1182 quisque
2023 1097 2298 1176 dierum,
2347 1098 2354 1103 ’

461 1231 755 1294 unguere
786 1209 842 1273 si
871 1210 1086 1273 caules
1117 1210 1260 1272 oleo
1288 1208 1555 1272 meliore
1586 1216 1909 1294 caputque
2573 1242 2668 1290 ης

465 1322 756 1407 coeperis
784 1322 1025 1407 inpexa
1055 1321 1318 1385 foedum
1349 1321 1733 1406 porrigine?
1784 1344 2003 1407 quare,

465 1435 521 1499 si
553 1434 810 1520 quidvis
842 1435 999 1499 satis
1031 1442 1154 1512 est,
1186 1434 1500 1518 periuras,
1533 1434 1826 1519 surripis,
1857 1435 2071 1498 aufers

463 1547 803 1633 undique?
851 1555 968 1611 tun
1001 1548 1246 1611 sanus?
1295 1548 1608 1632 populum
1640 1548 1696 1611 si
1724 1548 1994 1612 caedere
2025 1548 2199 1612 saxis

463 1660 736 1745 incipias
766 1682 1074 1725 servosve
1105 1666 1220 1723 tuo
1254 1681 1415 1745 quos
1445 1681 1596 1723 aere
1626 1660 1895 1744 pararis,

465 1772 765 1837 insanum
799 1779 866 1837 te
898 1794 1123 1836 omnes
1157 1773 1345 1856 pueri
1373 1771 1787 1857 clamentque
1816 1773 2104 1857 puellae:
2573 1803 2589 1835 ι
2605 1802 2691 1859 30,

466 1909 614 1950 cum
641 1887 874 1971 laqueo
903 1908 1174 1950 uxorem
1203 1884 1538 1949 interemis
1568 1891 1975 1970 matremque
2004 1907 2260 1951 veneno
2263 1934 2283 1965 ,

465 1999 774 2063 incolumi
803 1998 1014 2083 capite
1045 2000 1165 2062 es?
1222 1998 1379 2083 quid
1408 1998 1583 2061 enim
1610 1999 1637 2061 ἲ
1682 2019 1897 2084 neque
1928 2005 2003 2062 tu
2030 1999 2154 2063 hoc
2184 1999 2339 2063 facis
2370 1998 2596 2085 Argis,

465 2133 587 2176 nec
616 2112 788 2176 ferro
816 2118 892 2176 ut
919 2112 1189 2176 demens
1219 2111 1622 2197 genetricem
1651 2111 1891 2175 occidis
1924 2111 2212 2177 Orestes.

467 2247 550 2287 an
579 2232 654 2288 tu
682 2225 843 2288 reris
873 2246 1022 2288 eum
1053 2224 1262 2288 occisa
1287 2223 1607 2288 insanisse
1634 2231 1927 2308 parente,

467 2359 540 2400 ac
569 2358 702 2400 non
731 2343 884 2400 ante
912 2337 1099 2400 malis
1128 2337 1500 2400 dementem
1530 2343 1749 2400 actum
1782 2336 1993 2401 Furiis
2027 2360 2221 2423 quam
2574 2368 2670 2415 ¹35

466 2449 536 2513 in
566 2449 792 2513 matris
820 2450 1047 2534 iugulo
1076 2450 1320 2513 ferrum
1348 2450 1659 2533 tepefecit
1686 2451 1997 2515 acutum?

471 2562 649 2647 quin,
681 2584 764 2625 ex
795 2583 924 2647 quo
955 2568 1058 2625 est
1084 2562 1348 2626 habitus
1376 2562 1545 2625 male
1576 2569 1759 2627 tutae
1787 2564 2027 2628 mentis
2061 2564 2352 2642 Orestes,

466 2675 560 2738 nil
589 2696 745 2739 sane
775 2674 951 2753 fecit,
985 2674 1162 2759 quod
1191 2680 1266 2737 tu
1294 2675 1772 2759 reprehendere
1802 2676 2049 2761 possis:

465 2810 598 2851 non
628 2786 921 2871 Pyladen
948 2787 1121 2850 ferro
1148 2786 1391 2850 violare
1421 2809 1701 2853 aususve
1731 2810 2017 2852 sororem

467 2899 816 2979 Electram,
848 2906 1105 2963 tantum
1133 2898 1465 2963 maledicit
1491 2900 1753 2985 utrique
1782 2902 2078 2965 vocando
2578 2930 2675 2978 140

467 3012 633 3076 hanc
666 3012 950 3089 Furiam,
982 3011 1155 3075 hunc
1184 3012 1381 3090 aliud,
1413 3012 1606 3077 iussit
1636 3014 1810 3097 quod
1839 3014 2181 3098 splendida
2209 3014 2379 3077 bilis.

468 3148 716 3211 pauper
746 3124 1044 3209 Opimius
1073 3126 1333 3211 argenti
1360 3125 1559 3209 positi
1590 3124 1769 3189 intus
1800 3132 1869 3189 et
1896 3126 2057 3203 auri,

473 3240 582 3324 qui
610 3237 1048 3302 Veientanum
1077 3237 1262 3301 festis
1291 3243 1517 3322 potare
1547 3237 1779 3301 diebus

475 3351 804 3436 Campana
833 3350 1060 3415 solitus
1091 3350 1285 3413 trulla
1314 3370 1725 3433 vappamque
1755 3348 2082 3433 profestis,

473 3462 797 3549 quondam
826 3464 1125 3547 lethargo
1155 3460 1393 3547 grandi
1422 3468 1524 3524 est
1553 3482 1925 3546 oppressus,
1955 3466 2032 3525 ut
2058 3461 2249 3525 heres
2580 3490 2673 3539 ¹45

469 3576 598 3639 iam
628 3576 870 3639 circum
899 3576 1142 3639 loculos
1173 3580 1242 3638 et
1271 3574 1486 3637 claves
1514 3574 1725 3637 laetus
1757 3594 2087 3659 ovansque

471 3695 779 3752 curreret.
881 3688 1056 3751 hunc
1083 3686 1374 3750 medicus
1403 3686 1684 3749 multum
1716 3686 1887 3751 celer
1916 3692 2113 3772 atque
2142 3685 2351 3751 fidelis

475 3801 717 3864 excitat
744 3800 866 3863 hoc
897 3806 1088 3885 pacto
1113 3824 1128 3862 ι
1177 3819 1468 3861 mensam
1498 3798 1658 3883 poni
1689 3798 1877 3863 iubet
1904 3805 2101 3885 atque

474 3912 718 3976 effundi
747 3934 965 3976 saccos
994 3932 1430 3989 nummorum,
1462 3910 1769 3975 accedere
1798 3912 2017 3996 plures

474 4024 556 4088 ad
582 4025 1092 4089 numerandum:
1145 4023 1478 4087 hominem
1509 4023 1601 4087 sic
1631 4023 1848 4107 erigit.
1951 4024 2137 4089 addit
2166 4031 2235 4089 et
2260 4024 2443 4103 illud,
2581 4056 2677 4103 150
