3109 4817
989 155 1769 222 EPISTULARUM
1831 156 1914 220 II
1982 157 2011 218 l

362 340 648 419 notaque
677 335 860 397 fatali
889 340 1194 419 portenta
1221 334 1444 398 labore
1473 330 1761 417 subegit,

361 447 681 532 comperit
707 446 1022 511 invidiam
1054 468 1359 531 supremo
1387 446 1517 509 fine
1547 444 1819 508 domari.

365 560 498 625 urit
525 559 700 623 enim
729 560 984 645 fulgore
1015 581 1155 637 suc,
1189 559 1302 645 (1111
1332 564 1724 643 praegravat
1751 562 1927 620 artes

361 672 530 735 infra
559 694 630 737 se
659 672 942 756 positas:
991 671 1319 735 extinctus
1347 670 1675 734 amabitur
1704 670 1899 733 idem.

362 784 690 868 praesenti
719 785 843 848 tibi
871 791 1160 848 maturos
1189 783 1503 869 largimur
1531 783 1812 846 honores

363 902 795 987 iurandasque
826 908 1013 964 tuum
1049 922 1167 985 per
1194 923 1438 965 numen
1469 898 1773 985 ponimus
1802 920 1967 975 araS,

362 1014 456 1077 nil
484 1015 800 1077 oriturum
830 1014 1008 1092 alias,
1040 1014 1134 1076 nil
1165 1020 1379 1077 ortum
1410 1014 1538 1077 tale
1568 1012 1872 1075 fatenteS.

365 1126 479 1189 sed
510 1133 664 1191 tuus
693 1126 798 1189 hic
829 1127 1129 1211 populuS,
1163 1125 1422 1210 sapiens
1453 1131 1522 1188 et
1549 1124 1761 1188 iustus
1789 1124 1860 1186 in
1890 1144 2021 1185 uno

364 1245 431 1303 te
460 1239 702 1303 nostris
733 1238 1032 1317 ducibus,
1064 1247 1132 1302 te
1168 1237 1354 1302 Grais
1384 1236 1831 1316 anteferendO,

365 1359 580 1415 cetera
606 1374 1019 1439 nequaquam
1050 1353 1246 1415 simili
1274 1352 1524 1416 ratione
1558 1351 1881 1436 modoque

363 1464 690 1541 aestimat,
719 1471 788 1528 et
814 1464 942 1528 nisi
975 1486 1139 1549 quae
1171 1464 1363 1556 terris
1393 1471 1646 1528 semota
1676 1464 1940 1548 suisque

364 1577 767 1661 temporibus
797 1576 1106 1641 defuncta
1135 1576 1346 1656 vilet,
1372 1576 1627 1640 fastidit
1655 1584 1723 1639 et
1752 1575 1913 1653 odit,

365 1688 458 1753 sic
486 1689 702 1752 fautor
728 1696 1050 1768 veterum,
1084 1695 1158 1753 ut
1187 1689 1442 1753 tabulas
1473 1710 1741 1774 peccare
1770 1693 2075 1751 vetantes

368 1823 526 1884 quas
556 1800 659 1865 bis
691 1801 977 1886 quinque
1002 1801 1130 1865 viri
1161 1785 1540 1880 sanxerunt,
1572 1800 1837 1865 foedera
1863 1821 2098 1885 regum

363 1915 471 1977 vel
503 1914 724 1978 Gabiis
759 1915 866 1977 vel
897 1936 1044 1977 cum
1073 1914 1306 1998 rigidis
1335 1920 1615 1998 aequata
1649 1914 1930 1990 Sabinis,

365 2026 746 2109 pontificum
773 2027 996 2104 libros,
1028 2048 1274 2091 annosa
1301 2025 1635 2090 volumina
1663 2032 1893 2089 vatum

366 2138 625 2203 dictitet
654 2140 912 2207 Albano
941 2161 1160 2203 musas
1187 2140 1258 2202 in
1287 2145 1511 2202 monte
1539 2139 1810 2205 locutas,

366 2251 443 2329 si,
476 2252 628 2337 quia
659 2251 1003 2316 Graiorum
1033 2259 1189 2316 sunt
1217 2250 1672 2336 antiquissima
1704 2272 1998 2335 quaeque

365 2363 608 2449 scripta
634 2366 742 2428 vel
773 2364 1041 2449 optima,
1075 2364 1354 2428 Romani
1383 2370 1745 2448 pensantur
1773 2363 2005 2427 eadem

367 2476 714 2561 scriptores
744 2465 1012 2555 trutina,
1044 2498 1178 2541 non
1209 2484 1312 2541 est
1342 2478 1516 2564 quod
1546 2479 1754 2542 multa
1781 2478 2157 2562 loquamur:

366 2589 457 2651 nil
485 2590 659 2652 intra
687 2596 790 2653 est
819 2591 1050 2668 oleam,
1080 2590 1175 2653 nil
1205 2598 1392 2654 extra
1421 2597 1524 2654 est
1551 2590 1621 2653 in
1651 2612 1819 2655 nuce
1848 2590 2017 2669 duri,

367 2700 665 2766 venimus
693 2702 778 2765 ad
813 2724 1138 2766 summum
1168 2704 1490 2781 fortunae,
1523 2703 1857 2789 pingimus
1888 2709 2086 2788 atque

367 2813 700 2897 psallimus
730 2821 799 2878 et
826 2816 1150 2878 luctamur
1176 2816 1447 2880 Achivis
1477 2816 1735 2881 doctius
1766 2816 2002 2879 unctis.

367 2926 423 2989 si
451 2926 718 2989 meliora
746 2926 911 3004 dies,
943 2934 1019 2991 ut
1047 2929 1222 3006 vina,
1255 2936 1556 3012 poemata
1585 2929 1824 3006 reddit,

367 3038 531 3101 scire
561 3039 780 3117 velim,
813 3040 1055 3103 chartis
1085 3039 1370 3125 pretium
1401 3048 1639 3125 quotus
1669 3047 1935 3124 arroget
1962 3062 2087 3101 ann
2098 3061 2192 3101 uS.

367 3150 644 3234 scriptor
671 3152 908 3215 abhinc
937 3174 1062 3215 ann
1071 3174 1142 3215 os
1171 3158 1436 3214 centum
1470 3151 1583 3234 qui
1613 3150 1879 3228 decidit,
1910 3150 2085 3213 inter

366 3264 690 3348 perfectos
720 3273 1110 3350 veteresque
1139 3264 1366 3327 referri
1398 3263 1600 3327 debet
1628 3286 1711 3326 an
1739 3264 1915 3327 inter

365 3377 528 3441 viles
557 3383 754 3462 atque
783 3379 1040 3442 novos?
1089 3376 1391 3441 excludat
1416 3375 1631 3461 iurgia
1658 3376 1828 3439 finis.

369 3494 388 3524 ‘
407 3498 510 3553 est
541 3498 732 3555 vetus
763 3498 960 3577 atque
990 3491 1257 3575 probus,
1289 3495 1554 3553 centum
1587 3488 1699 3574 qui
1727 3486 1982 3574 perficit
2008 3487 2270 3549 annos'.

369 3602 576 3687 quid?
625 3604 736 3687 qui
763 3603 1046 3690 deperiit
1072 3603 1286 3665 minor
1314 3623 1445 3665 uno
1474 3623 1701 3666 mense
1729 3601 1839 3666 vel
1866 3622 2060 3678 anno,

365 3714 542 3777 inter
572 3738 734 3800 quos
763 3716 1143 3780 referendus
1174 3715 1350 3779 erit?
1396 3721 1741 3777 veteresne
1771 3719 2019 3798 poetae,

365 3848 452 3889 an
486 3848 646 3910 quos
677 3835 745 3891 et
773 3850 1080 3912 praesens
1113 3836 1182 3891 et
1209 3832 1472 3911 postera
1498 3832 1768 3909 respuat
1792 3826 2024 3888 aetas?

370 3938 539 4002 ‘iste
571 3940 836 4023 quidem
857 3940 1121 4003 'veteres
1153 3940 1324 4003 inter
1352 3944 1633 4023 ponetur
1660 3938 1959 4015 honeste,

1408 4074 1448 4115 A
1499 4072 1536 4114 A

2446 152 2573 217 353

2514 2502 2578 2549 30

2514 3064 2574 3113 35

2505 3625 2575 3671 40
