<?xml version="1.0" encoding="UTF-8"?>
<!DOCTYPE html PUBLIC "-//W3C//DTD XHTML 1.0 Transitional//EN"
    "http://www.w3.org/TR/xhtml1/DTD/xhtml1-transitional.dtd">
<html xmlns="http://www.w3.org/1999/xhtml" xml:lang="en" lang="en">
 <head>
  <title>
</title>
<meta http-equiv="Content-Type" content="text/html;charset=utf-8" />
  <meta name='ocr-system' content='tesseract 3.04.00' />
  <meta name='ocr-capabilities' content='ocr_page ocr_carea ocr_par ocr_line ocrx_word'/>
</head>
<body>
  <div class='ocr_page' id='page_1' title='image "./qhoratiiflaccio04unkngoog_0414.png"; bbox 0 0 3109 4817; ppageno 0'>
   <div class='ocr_carea' id='block_1_1' title="bbox 480 223 1798 294">
    <p class='ocr_par' dir='ltr' id='par_1_1' title="bbox 480 223 1798 294">
     <span class='ocr_line' id='line_1_1' title="bbox 480 223 1798 294; baseline -0.001 -6"><span class='ocrx_word' id='word_1_1' title='bbox 480 226 606 290; x_wconf 87' lang='grc'><strong>370</strong></span> <span class='ocrx_word' id='word_1_2' title='bbox 1170 285 1177 294; x_wconf 87' lang='grc'><em>,</em></span> <span class='ocrx_word' id='word_1_3' title='bbox 1340 223 1798 290; x_wconf 87' lang='lat' dir='ltr'><strong>HORATII</strong></span> 
     </span>
    </p>
   </div>
   <div class='ocr_carea' id='block_1_2' title="bbox 476 397 2530 4072">
    <p class='ocr_par' dir='ltr' id='par_1_2' title="bbox 476 397 2530 1274">
     <span class='ocr_line' id='line_1_2' title="bbox 476 397 2018 484; baseline -0.003 -20"><span class='ocrx_word' id='word_1_4' title='bbox 476 398 787 464; x_wconf 86' lang='lat' dir='ltr'><strong>reddatur</strong></span> <span class='ocrx_word' id='word_1_5' title='bbox 815 399 1081 463; x_wconf 78' lang='lat' dir='ltr'><strong>formae.</strong></span> <span class='ocrx_word' id='word_1_6' title='bbox 1185 397 1545 482; x_wconf 88' lang='lat' dir='ltr'><strong>pictoribus</strong></span> <span class='ocrx_word' id='word_1_7' title='bbox 1574 405 1644 463; x_wconf 86' lang='lat' dir='ltr'><strong>at</strong></span> <span class='ocrx_word' id='word_1_8' title='bbox 1652 421 1776 484; x_wconf 90' lang='lat' dir='ltr'><strong>que</strong></span> <span class='ocrx_word' id='word_1_9' title='bbox 1807 397 2018 484; x_wconf 90' lang='lat' dir='ltr'><strong>poetis</strong></span> 
     </span>
     <span class='ocr_line' id='line_1_3' title="bbox 484 510 2141 600; baseline -0.001 -24"><span class='ocrx_word' id='word_1_10' title='bbox 484 512 806 600; x_wconf 78' lang='lat' dir='ltr'><strong>quidlibet</strong></span> <span class='ocrx_word' id='word_1_11' title='bbox 834 510 1118 576; x_wconf 86' lang='lat' dir='ltr'><strong>audendi</strong></span> <span class='ocrx_word' id='word_1_12' title='bbox 1149 533 1407 596; x_wconf 87' lang='lat' dir='ltr'><strong>semper</strong></span> <span class='ocrx_word' id='word_1_13' title='bbox 1440 512 1565 576; x_wconf 87' lang='lat' dir='ltr'><strong>fuit</strong></span> <span class='ocrx_word' id='word_1_14' title='bbox 1591 533 1800 597; x_wconf 84' lang='lat' dir='ltr'><strong>aequa</strong></span> <span class='ocrx_word' id='word_1_15' title='bbox 1828 517 2141 596; x_wconf 56' lang='lat' dir='ltr'><strong>potestas</strong></span> 
     </span>
     <span class='ocr_line' id='line_1_4' title="bbox 485 621 2530 710; baseline -0.004 -21"><span class='ocrx_word' id='word_1_16' title='bbox 485 626 728 690; x_wconf 83' lang='lat' dir='ltr'><strong>scimus</strong></span> <span class='ocrx_word' id='word_1_17' title='bbox 730 673 751 704; x_wconf 89' lang='lat'><strong>,</strong></span> <span class='ocrx_word' id='word_1_18' title='bbox 784 631 855 688; x_wconf 93' lang='lat' dir='ltr'><strong>et</strong></span> <span class='ocrx_word' id='word_1_19' title='bbox 881 625 1051 688; x_wconf 81' lang='lat' dir='ltr'><strong>hanc</strong></span> <span class='ocrx_word' id='word_1_20' title='bbox 1078 624 1341 689; x_wconf 77' lang='lat' dir='ltr'><strong>veniam</strong></span> <span class='ocrx_word' id='word_1_21' title='bbox 1368 624 1783 710; x_wconf 84' lang='lat' dir='ltr'><strong>petimusque</strong></span> <span class='ocrx_word' id='word_1_22' title='bbox 1813 625 2172 708; x_wconf 81' lang='lat' dir='ltr'><strong>damusque</strong></span> <span class='ocrx_word' id='word_1_23' title='bbox 2200 621 2530 696; x_wconf 83' lang='lat' dir='ltr'><strong>vicissim3</strong></span> 
     </span>
     <span class='ocr_line' id='line_1_5' title="bbox 486 736 2015 822; baseline -0.002 -19"><span class='ocrx_word' id='word_1_24' title='bbox 486 738 603 804; x_wconf 89' lang='lat' dir='ltr'><strong>sed</strong></span> <span class='ocrx_word' id='word_1_25' title='bbox 632 760 767 802; x_wconf 91' lang='lat' dir='ltr'><strong>non</strong></span> <span class='ocrx_word' id='word_1_26' title='bbox 799 743 875 801; x_wconf 84' lang='lat' dir='ltr'><strong>ut</strong></span> <span class='ocrx_word' id='word_1_27' title='bbox 902 736 1175 822; x_wconf 85' lang='lat' dir='ltr'><strong>placidis</strong></span> <span class='ocrx_word' id='word_1_28' title='bbox 1204 744 1438 801; x_wconf 85' lang='lat' dir='ltr'><strong>coeant</strong></span> <span class='ocrx_word' id='word_1_29' title='bbox 1464 737 1744 816; x_wconf 85' lang='lat' dir='ltr'><strong>inmitia,</strong></span> <span class='ocrx_word' id='word_1_30' title='bbox 1774 758 1907 801; x_wconf 92' lang='lat' dir='ltr'><strong>non</strong></span> <span class='ocrx_word' id='word_1_31' title='bbox 1939 743 2015 800; x_wconf 90' lang='lat' dir='ltr'><strong>ut</strong></span> 
     </span>
     <span class='ocr_line' id='line_1_6' title="bbox 490 849 2087 937; baseline -0.002 -21"><span class='ocrx_word' id='word_1_32' title='bbox 490 856 828 937; x_wconf 70' lang='lat' dir='ltr'><strong>serpentes</strong></span> <span class='ocrx_word' id='word_1_33' title='bbox 858 850 1089 916; x_wconf 86' lang='lat' dir='ltr'><strong>avibus</strong></span> <span class='ocrx_word' id='word_1_34' title='bbox 1119 849 1561 936; x_wconf 74' lang='lat' dir='ltr'><strong>geminentur,</strong></span> <span class='ocrx_word' id='word_1_35' title='bbox 1599 849 1880 935; x_wconf 84' lang='lat' dir='ltr'><strong>tigribus</strong></span> <span class='ocrx_word' id='word_1_36' title='bbox 1893 849 2087 934; x_wconf 64' lang='lat' dir='ltr'><strong>agni.</strong></span> 
     </span>
     <span class='ocr_line' id='line_1_7' title="bbox 488 961 2226 1049; baseline -0.001 -21"><span class='ocrx_word' id='word_1_37' title='bbox 488 963 766 1049; x_wconf 77' lang='lat' dir='ltr'><strong>inceptis</strong></span> <span class='ocrx_word' id='word_1_38' title='bbox 797 963 1109 1048; x_wconf 83' lang='lat' dir='ltr'><strong>gravibus</strong></span> <span class='ocrx_word' id='word_1_39' title='bbox 1138 963 1520 1048; x_wconf 89' lang='lat' dir='ltr'><strong>plerumque</strong></span> <span class='ocrx_word' id='word_1_40' title='bbox 1550 971 1620 1026; x_wconf 87' lang='lat' dir='ltr'><strong>et</strong></span> <span class='ocrx_word' id='word_1_41' title='bbox 1647 984 1890 1048; x_wconf 84' lang='lat' dir='ltr'><strong>magna</strong></span> <span class='ocrx_word' id='word_1_42' title='bbox 1917 961 2226 1047; x_wconf 85' lang='lat' dir='ltr'><strong>professis</strong></span> 
     </span>
     <span class='ocr_line' id='line_1_8' title="bbox 494 1075 2068 1161; baseline -0.001 -22"><span class='ocrx_word' id='word_1_43' title='bbox 494 1096 880 1161; x_wconf 86' lang='lat' dir='ltr'><strong>purpureus,</strong></span> <span class='ocrx_word' id='word_1_44' title='bbox 908 1076 1041 1140; x_wconf 82' lang='lat' dir='ltr'><strong>late</strong></span> <span class='ocrx_word' id='word_1_45' title='bbox 1072 1075 1185 1161; x_wconf 91' lang='lat' dir='ltr'><strong>qui</strong></span> <span class='ocrx_word' id='word_1_46' title='bbox 1214 1075 1576 1161; x_wconf 86' lang='lat' dir='ltr'><strong>splendeat,</strong></span> <span class='ocrx_word' id='word_1_47' title='bbox 1607 1097 1776 1140; x_wconf 88' lang='lat' dir='ltr'><strong>unus</strong></span> <span class='ocrx_word' id='word_1_48' title='bbox 1807 1083 1876 1140; x_wconf 89' lang='lat' dir='ltr'><strong>et</strong></span> <span class='ocrx_word' id='word_1_49' title='bbox 1903 1077 2068 1140; x_wconf 83' lang='lat' dir='ltr'><strong>alter</strong></span> 
     </span>
     <span class='ocr_line' id='line_1_9' title="bbox 494 1188 2000 1274; baseline -0.001 -22"><span class='ocrx_word' id='word_1_50' title='bbox 494 1189 791 1254; x_wconf 77' lang='lat' dir='ltr'><strong>adsuitur</strong></span> <span class='ocrx_word' id='word_1_51' title='bbox 819 1211 1096 1274; x_wconf 83' lang='lat' dir='ltr'><strong>pannus,</strong></span> <span class='ocrx_word' id='word_1_52' title='bbox 1128 1209 1276 1252; x_wconf 86' lang='lat' dir='ltr'><strong>cum</strong></span> <span class='ocrx_word' id='word_1_53' title='bbox 1305 1190 1487 1252; x_wconf 88' lang='lat' dir='ltr'><strong>lucus</strong></span> <span class='ocrx_word' id='word_1_54' title='bbox 1517 1195 1588 1252; x_wconf 90' lang='lat' dir='ltr'><strong>et</strong></span> <span class='ocrx_word' id='word_1_55' title='bbox 1615 1210 1726 1252; x_wconf 83' lang='lat' dir='ltr'><strong>ara</strong></span> <span class='ocrx_word' id='word_1_56' title='bbox 1755 1188 2000 1252; x_wconf 84' lang='lat' dir='ltr'><strong>Dianae</strong></span> 
     </span>
    </p>

    <p class='ocr_par' dir='ltr' id='par_1_3' title="bbox 496 1301 2402 1931">
     <span class='ocr_line' id='line_1_10' title="bbox 496 1301 2280 1388; baseline -0.002 -21"><span class='ocrx_word' id='word_1_57' title='bbox 496 1311 566 1367; x_wconf 89' lang='lat' dir='ltr'><strong>et</strong></span> <span class='ocrx_word' id='word_1_58' title='bbox 594 1302 1005 1388; x_wconf 80' lang='lat' dir='ltr'><strong>properantis</strong></span> <span class='ocrx_word' id='word_1_59' title='bbox 1034 1323 1238 1387; x_wconf 87' lang='lat' dir='ltr'><strong>aquae</strong></span> <span class='ocrx_word' id='word_1_60' title='bbox 1268 1323 1388 1386; x_wconf 90' lang='lat' dir='ltr'><strong>per</strong></span> <span class='ocrx_word' id='word_1_61' title='bbox 1415 1322 1724 1365; x_wconf 84' lang='lat' dir='ltr'><strong>amoenos</strong></span> <span class='ocrx_word' id='word_1_62' title='bbox 1753 1301 2036 1365; x_wconf 78' lang='lat' dir='ltr'><strong>ambitus</strong></span> <span class='ocrx_word' id='word_1_63' title='bbox 2065 1321 2280 1385; x_wconf 74' lang='lat' dir='ltr'><strong>agi-oe,</strong></span> 
     </span>
     <span class='ocr_line' id='line_1_11' title="bbox 496 1413 2331 1499; baseline -0.002 -19"><span class='ocrx_word' id='word_1_64' title='bbox 496 1423 612 1480; x_wconf 81' lang='lat' dir='ltr'><strong>aut</strong></span> <span class='ocrx_word' id='word_1_65' title='bbox 640 1415 883 1480; x_wconf 88' lang='lat' dir='ltr'><strong>flumen</strong></span> <span class='ocrx_word' id='word_1_66' title='bbox 914 1415 1242 1492; x_wconf 86' lang='lat' dir='ltr'><strong>Rhenum,</strong></span> <span class='ocrx_word' id='word_1_67' title='bbox 1273 1421 1388 1478; x_wconf 81' lang='lat' dir='ltr'><strong>aut</strong></span> <span class='ocrx_word' id='word_1_68' title='bbox 1414 1414 1676 1499; x_wconf 84' lang='lat' dir='ltr'><strong>pluvius</strong></span> <span class='ocrx_word' id='word_1_69' title='bbox 1705 1413 2097 1478; x_wconf 81' lang='lat' dir='ltr'><strong>describitur</strong></span> <span class='ocrx_word' id='word_1_70' title='bbox 2124 1433 2331 1476; x_wconf 79' lang='lat' dir='ltr'><strong>arone.</strong></span> 
     </span>
     <span class='ocr_line' id='line_1_12' title="bbox 498 1527 2402 1610; baseline -0.004 -16"><span class='ocrx_word' id='word_1_71' title='bbox 498 1529 614 1594; x_wconf 88' lang='lat' dir='ltr'><strong>sed</strong></span> <span class='ocrx_word' id='word_1_72' title='bbox 641 1551 819 1592; x_wconf 89' lang='lat' dir='ltr'><strong>nunc</strong></span> <span class='ocrx_word' id='word_1_73' title='bbox 846 1549 981 1592; x_wconf 90' lang='lat' dir='ltr'><strong>non</strong></span> <span class='ocrx_word' id='word_1_74' title='bbox 1012 1533 1154 1590; x_wconf 80' lang='lat' dir='ltr'><strong>erat</strong></span> <span class='ocrx_word' id='word_1_75' title='bbox 1186 1527 1288 1592; x_wconf 90' lang='lat' dir='ltr'><strong>his</strong></span> <span class='ocrx_word' id='word_1_76' title='bbox 1316 1529 1519 1591; x_wconf 90' lang='lat' dir='ltr'><strong>locus.</strong></span> <span class='ocrx_word' id='word_1_77' title='bbox 1623 1534 1692 1591; x_wconf 87' lang='lat' dir='ltr'><strong>et</strong></span> <span class='ocrx_word' id='word_1_78' title='bbox 1719 1527 1994 1590; x_wconf 85' lang='lat' dir='ltr'><strong>fortasse</strong></span> <span class='ocrx_word' id='word_1_79' title='bbox 2027 1547 2402 1610; x_wconf 84' lang='lat' dir='ltr'><strong>cupressum</strong></span> 
     </span>
     <span class='ocr_line' id='line_1_13' title="bbox 498 1639 2192 1726; baseline -0.002 -20"><span class='ocrx_word' id='word_1_80' title='bbox 498 1643 625 1706; x_wconf 88' lang='lat' dir='ltr'><strong>scis</strong></span> <span class='ocrx_word' id='word_1_81' title='bbox 655 1642 991 1706; x_wconf 82' lang='lat' dir='ltr'><strong>simulare:</strong></span> <span class='ocrx_word' id='word_1_82' title='bbox 1042 1639 1199 1726; x_wconf 88' lang='lat' dir='ltr'><strong>quid</strong></span> <span class='ocrx_word' id='word_1_83' title='bbox 1227 1640 1375 1718; x_wconf 91' lang='lat' dir='ltr'><strong>hoc,</strong></span> <span class='ocrx_word' id='word_1_84' title='bbox 1405 1639 1463 1704; x_wconf 89' lang='lat' dir='ltr'><strong>si</strong></span> <span class='ocrx_word' id='word_1_85' title='bbox 1490 1640 1710 1704; x_wconf 81' lang='lat' dir='ltr'><strong>fractis</strong></span> <span class='ocrx_word' id='word_1_86' title='bbox 1739 1646 1962 1703; x_wconf 84' lang='lat' dir='ltr'><strong>enatat</strong></span> <span class='ocrx_word' id='word_1_87' title='bbox 1991 1660 2192 1723; x_wconf 83' lang='lat' dir='ltr'><strong>expes</strong></span> 
     </span>
     <span class='ocr_line' id='line_1_14' title="bbox 499 1751 2287 1838; baseline -0.002 -20"><span class='ocrx_word' id='word_1_88' title='bbox 499 1755 799 1833; x_wconf 82' lang='lat' dir='ltr'><strong>navibus,</strong></span> <span class='ocrx_word' id='word_1_89' title='bbox 832 1775 981 1818; x_wconf 78' lang='lat' dir='ltr'><strong>aere</strong></span> <span class='ocrx_word' id='word_1_90' title='bbox 1010 1754 1165 1817; x_wconf 82' lang='lat' dir='ltr'><strong>dato</strong></span> <span class='ocrx_word' id='word_1_91' title='bbox 1196 1753 1310 1838; x_wconf 87' lang='lat' dir='ltr'><strong>qui</strong></span> <span class='ocrx_word' id='word_1_92' title='bbox 1338 1751 1684 1838; x_wconf 80' lang='lat' dir='ltr'><strong>pingitur?</strong></span> <span class='ocrx_word' id='word_1_93' title='bbox 1730 1753 2042 1836; x_wconf 81' lang='lat' dir='ltr'><strong>amphora</strong></span> <span class='ocrx_word' id='word_1_94' title='bbox 2071 1751 2287 1835; x_wconf 88' lang='lat' dir='ltr'><strong>coepit</strong></span> 
     </span>
     <span class='ocr_line' id='line_1_15' title="bbox 496 1866 1939 1931; baseline 0.001 -1"><span class='ocrx_word' id='word_1_95' title='bbox 496 1866 789 1931; x_wconf 87' lang='lat' dir='ltr'><strong>institui:</strong></span> <span class='ocrx_word' id='word_1_96' title='bbox 837 1873 1137 1930; x_wconf 82' lang='lat' dir='ltr'><strong>currente</strong></span> <span class='ocrx_word' id='word_1_97' title='bbox 1166 1871 1311 1929; x_wconf 78' lang='lat' dir='ltr'><strong>rota</strong></span> <span class='ocrx_word' id='word_1_98' title='bbox 1340 1887 1455 1930; x_wconf 88' lang='lat' dir='ltr'><strong>cur</strong></span> <span class='ocrx_word' id='word_1_99' title='bbox 1482 1887 1718 1930; x_wconf 86' lang='lat' dir='ltr'><strong>urceus</strong></span> <span class='ocrx_word' id='word_1_100' title='bbox 1751 1866 1939 1931; x_wconf 82' lang='lat' dir='ltr'><strong>exit?</strong></span> 
     </span>
    </p>

    <p class='ocr_par' dir='ltr' id='par_1_4' title="bbox 500 1977 2308 2392">
     <span class='ocr_line' id='line_1_16' title="bbox 502 1977 2243 2065; baseline 0 -23"><span class='ocrx_word' id='word_1_101' title='bbox 502 1979 786 2065; x_wconf 90' lang='lat' dir='ltr'><strong>denique</strong></span> <span class='ocrx_word' id='word_1_102' title='bbox 816 1978 905 2042; x_wconf 88' lang='lat' dir='ltr'><strong>sit</strong></span> <span class='ocrx_word' id='word_1_103' title='bbox 934 1978 1213 2064; x_wconf 82' lang='lat' dir='ltr'><strong>quodvis</strong></span> <span class='ocrx_word' id='word_1_104' title='bbox 1242 1977 1519 2063; x_wconf 86' lang='lat' dir='ltr'><strong>simplex</strong></span> <span class='ocrx_word' id='word_1_105' title='bbox 1550 1979 1894 2043; x_wconf 80' lang='lat' dir='ltr'><strong>dumtaxat</strong></span> <span class='ocrx_word' id='word_1_106' title='bbox 1922 1985 1991 2042; x_wconf 92' lang='lat' dir='ltr'><strong>et</strong></span> <span class='ocrx_word' id='word_1_107' title='bbox 2020 2001 2243 2042; x_wconf 90' lang='lat' dir='ltr'><strong>unum.</strong></span> 
     </span>
     <span class='ocr_line' id='line_1_17' title="bbox 503 2090 2308 2177; baseline -0.002 -22"><span class='ocrx_word' id='word_1_108' title='bbox 503 2092 786 2155; x_wconf 80' lang='lat' dir='ltr'><strong>maxima</strong></span> <span class='ocrx_word' id='word_1_109' title='bbox 814 2112 965 2176; x_wconf 86' lang='lat' dir='ltr'><strong>pars</strong></span> <span class='ocrx_word' id='word_1_110' title='bbox 993 2097 1243 2169; x_wconf 84' lang='lat' dir='ltr'><strong>vatum,</strong></span> <span class='ocrx_word' id='word_1_111' title='bbox 1275 2099 1463 2175; x_wconf 82' lang='lat' dir='ltr'><strong>pater</strong></span> <span class='ocrx_word' id='word_1_112' title='bbox 1490 2098 1560 2156; x_wconf 89' lang='lat' dir='ltr'><strong>et</strong></span> <span class='ocrx_word' id='word_1_113' title='bbox 1586 2091 1856 2156; x_wconf 82' lang='lat' dir='ltr'><strong>iuvenes</strong></span> <span class='ocrx_word' id='word_1_114' title='bbox 1888 2099 2073 2177; x_wconf 82' lang='lat' dir='ltr'><strong>patre</strong></span> <span class='ocrx_word' id='word_1_115' title='bbox 2100 2090 2308 2176; x_wconf 86' lang='lat' dir='ltr'><strong>digni,</strong></span> 
     </span>
     <span class='ocr_line' id='line_1_18' title="bbox 500 2203 2048 2289; baseline 0.001 -22"><span class='ocrx_word' id='word_1_116' title='bbox 500 2204 862 2289; x_wconf 84' lang='lat' dir='ltr'><strong>decipimur</strong></span> <span class='ocrx_word' id='word_1_117' title='bbox 889 2203 1105 2288; x_wconf 90' lang='lat' dir='ltr'><strong>specie</strong></span> <span class='ocrx_word' id='word_1_118' title='bbox 1132 2203 1332 2267; x_wconf 86' lang='lat' dir='ltr'><strong>recti:</strong></span> <span class='ocrx_word' id='word_1_119' title='bbox 1378 2204 1601 2269; x_wconf 81' lang='lat' dir='ltr'><strong>brev-is</strong></span> <span class='ocrx_word' id='word_1_120' title='bbox 1630 2226 1774 2269; x_wconf 87' lang='lat' dir='ltr'><strong>esse</strong></span> <span class='ocrx_word' id='word_1_121' title='bbox 1801 2205 2048 2283; x_wconf 77' lang='lat' dir='ltr'><strong>labor0,</strong></span> 
     </span>
     <span class='ocr_line' id='line_1_19' title="bbox 503 2315 1794 2392; baseline 0 -12"><span class='ocrx_word' id='word_1_122' title='bbox 503 2318 814 2380; x_wconf 86' lang='lat' dir='ltr'><strong>obscurus</strong></span> <span class='ocrx_word' id='word_1_123' title='bbox 843 2316 967 2392; x_wconf 73' lang='lat' dir='ltr'><strong>fio,</strong></span> <span class='ocrx_word' id='word_1_124' title='bbox 1012 2323 1376 2380; x_wconf 81' lang='lat' dir='ltr'><strong>sectantem</strong></span> <span class='ocrx_word' id='word_1_125' title='bbox 1402 2315 1576 2380; x_wconf 86' lang='lat' dir='ltr'><strong>levia</strong></span> <span class='ocrx_word' id='word_1_126' title='bbox 1602 2317 1794 2381; x_wconf 83' lang='lat' dir='ltr'><strong>nervi</strong></span> 
     </span>
    </p>

    <p class='ocr_par' dir='ltr' id='par_1_5' title="bbox 504 2428 2278 2854">
     <span class='ocr_line' id='line_1_20' title="bbox 504 2428 2278 2516; baseline 0 -24"><span class='ocrx_word' id='word_1_127' title='bbox 504 2428 816 2492; x_wconf 89' lang='lat' dir='ltr'><strong>deficiunt</strong></span> <span class='ocrx_word' id='word_1_128' title='bbox 844 2428 1211 2514; x_wconf 85' lang='lat' dir='ltr'><strong>animique;</strong></span> <span class='ocrx_word' id='word_1_129' title='bbox 1256 2429 1585 2513; x_wconf 86' lang='lat' dir='ltr'><strong>professus</strong></span> <span class='ocrx_word' id='word_1_130' title='bbox 1615 2429 1889 2516; x_wconf 78' lang='lat' dir='ltr'><strong>grandia.</strong></span> <span class='ocrx_word' id='word_1_131' title='bbox 1917 2435 2182 2514; x_wconf 82' lang='lat' dir='ltr'><strong>turget3</strong></span> <span class='ocrx_word' id='word_1_132' title='bbox 2271 2453 2278 2460; x_wconf 91' lang='lat'><strong>·</strong></span> 
     </span>
     <span class='ocr_line' id='line_1_21' title="bbox 504 2541 2250 2628; baseline -0.001 -22"><span class='ocrx_word' id='word_1_133' title='bbox 504 2541 712 2626; x_wconf 90' lang='lat' dir='ltr'><strong>serpit</strong></span> <span class='ocrx_word' id='word_1_134' title='bbox 738 2541 919 2604; x_wconf 87' lang='lat' dir='ltr'><strong>humi</strong></span> <span class='ocrx_word' id='word_1_135' title='bbox 949 2547 1133 2605; x_wconf 86' lang='lat' dir='ltr'><strong>tutus</strong></span> <span class='ocrx_word' id='word_1_136' title='bbox 1160 2541 1436 2604; x_wconf 84' lang='lat' dir='ltr'><strong>nimium</strong></span> <span class='ocrx_word' id='word_1_137' title='bbox 1466 2542 1865 2628; x_wconf 87' lang='lat' dir='ltr'><strong>timidusque</strong></span> <span class='ocrx_word' id='word_1_138' title='bbox 1893 2543 2250 2626; x_wconf 78' lang='lat' dir='ltr'><strong>procella03</strong></span> 
     </span>
     <span class='ocr_line' id='line_1_22' title="bbox 509 2650 2012 2739; baseline 0.001 -23"><span class='ocrx_word' id='word_1_139' title='bbox 509 2650 621 2739; x_wconf 90' lang='lat' dir='ltr'><strong>qui</strong></span> <span class='ocrx_word' id='word_1_140' title='bbox 650 2653 899 2718; x_wconf 82' lang='lat' dir='ltr'><strong>variare</strong></span> <span class='ocrx_word' id='word_1_141' title='bbox 931 2653 1115 2738; x_wconf 89' lang='lat' dir='ltr'><strong>cupit</strong></span> <span class='ocrx_word' id='word_1_142' title='bbox 1143 2675 1283 2717; x_wconf 90' lang='lat' dir='ltr'><strong>rem</strong></span> <span class='ocrx_word' id='word_1_143' title='bbox 1310 2653 1764 2739; x_wconf 80' lang='lat' dir='ltr'><strong>prodigialiter</strong></span> <span class='ocrx_word' id='word_1_144' title='bbox 1791 2677 2012 2733; x_wconf 84' lang='lat' dir='ltr'><strong>unam,</strong></span> 
     </span>
     <span class='ocr_line' id='line_1_23' title="bbox 507 2765 2052 2854; baseline 0 -24"><span class='ocrx_word' id='word_1_145' title='bbox 507 2765 889 2850; x_wconf 90' lang='lat' dir='ltr'><strong>delphinum</strong></span> <span class='ocrx_word' id='word_1_146' title='bbox 920 2765 1103 2830; x_wconf 80' lang='lat' dir='ltr'><strong>silvis</strong></span> <span class='ocrx_word' id='word_1_147' title='bbox 1132 2766 1436 2853; x_wconf 85' lang='lat' dir='ltr'><strong>appingit</strong></span> <span class='ocrx_word' id='word_1_148' title='bbox 1464 2767 1769 2832; x_wconf 89' lang='lat' dir='ltr'><strong>fluctibus</strong></span> <span class='ocrx_word' id='word_1_149' title='bbox 1799 2791 2052 2854; x_wconf 84' lang='lat' dir='ltr'><strong>aprum.</strong></span> 
     </span>
    </p>

    <p class='ocr_par' dir='ltr' id='par_1_6' title="bbox 507 2878 2099 3304">
     <span class='ocr_line' id='line_1_24' title="bbox 507 2878 1999 2965; baseline 0.001 -22"><span class='ocrx_word' id='word_1_150' title='bbox 507 2880 576 2943; x_wconf 91' lang='lat' dir='ltr'><strong>in</strong></span> <span class='ocrx_word' id='word_1_151' title='bbox 607 2878 842 2944; x_wconf 86' lang='lat' dir='ltr'><strong>vitium</strong></span> <span class='ocrx_word' id='word_1_152' title='bbox 870 2879 1053 2943; x_wconf 89' lang='lat' dir='ltr'><strong>ducit</strong></span> <span class='ocrx_word' id='word_1_153' title='bbox 1081 2880 1308 2964; x_wconf 82' lang='lat' dir='ltr'><strong>culpae</strong></span> <span class='ocrx_word' id='word_1_154' title='bbox 1337 2880 1515 2965; x_wconf 78' lang='lat' dir='ltr'><strong>fuga,</strong></span> <span class='ocrx_word' id='word_1_155' title='bbox 1546 2880 1604 2944; x_wconf 90' lang='lat' dir='ltr'><strong>si</strong></span> <span class='ocrx_word' id='word_1_156' title='bbox 1632 2888 1811 2945; x_wconf 85' lang='lat' dir='ltr'><strong>caret</strong></span> <span class='ocrx_word' id='word_1_157' title='bbox 1839 2887 1999 2944; x_wconf 85' lang='lat' dir='ltr'><strong>arte.</strong></span> 
     </span>
     <span class='ocr_line' id='line_1_25' title="bbox 507 2991 2099 3078; baseline -0.001 -22"><span class='ocrx_word' id='word_1_158' title='bbox 507 2991 862 3056; x_wconf 84' lang='lat' dir='ltr'><strong>Aemilium</strong></span> <span class='ocrx_word' id='word_1_159' title='bbox 890 2991 1061 3056; x_wconf 86' lang='lat' dir='ltr'><strong>circa</strong></span> <span class='ocrx_word' id='word_1_160' title='bbox 1088 2993 1313 3056; x_wconf 90' lang='lat' dir='ltr'><strong>ludum</strong></span> <span class='ocrx_word' id='word_1_161' title='bbox 1342 2994 1450 3057; x_wconf 78' lang='lat' dir='ltr'><strong>fab</strong></span> <span class='ocrx_word' id='word_1_162' title='bbox 1458 3015 1530 3057; x_wconf 91' lang='lat' dir='ltr'><strong>er</strong></span> <span class='ocrx_word' id='word_1_163' title='bbox 1559 3016 1729 3058; x_wconf 88' lang='lat' dir='ltr'><strong>unus</strong></span> <span class='ocrx_word' id='word_1_164' title='bbox 1762 3000 1831 3057; x_wconf 89' lang='lat' dir='ltr'><strong>et</strong></span> <span class='ocrx_word' id='word_1_165' title='bbox 1857 2991 2099 3078; x_wconf 85' lang='lat' dir='ltr'><strong>unguis</strong></span> 
     </span>
     <span class='ocr_line' id='line_1_26' title="bbox 512 3105 2067 3190; baseline -0.001 -21"><span class='ocrx_word' id='word_1_166' title='bbox 512 3106 836 3190; x_wconf 84' lang='lat' dir='ltr'><strong>exprimet</strong></span> <span class='ocrx_word' id='word_1_167' title='bbox 864 3111 934 3170; x_wconf 84' lang='lat' dir='ltr'><strong>et</strong></span> <span class='ocrx_word' id='word_1_168' title='bbox 961 3105 1174 3170; x_wconf 90' lang='lat' dir='ltr'><strong>mollis</strong></span> <span class='ocrx_word' id='word_1_169' title='bbox 1205 3105 1574 3170; x_wconf 82' lang='lat' dir='ltr'><strong>imitabitur</strong></span> <span class='ocrx_word' id='word_1_170' title='bbox 1601 3128 1750 3170; x_wconf 87' lang='lat' dir='ltr'><strong>aere</strong></span> <span class='ocrx_word' id='word_1_171' title='bbox 1780 3105 2045 3190; x_wconf 85' lang='lat' dir='ltr'><strong>capillos</strong></span> <span class='ocrx_word' id='word_1_172' title='bbox 2049 3155 2067 3184; x_wconf 90' lang='lat'><em>‚</em></span> 
     </span>
     <span class='ocr_line' id='line_1_27' title="bbox 511 3219 1991 3304; baseline -0.001 -22"><span class='ocrx_word' id='word_1_173' title='bbox 511 3219 739 3283; x_wconf 87' lang='lat' dir='ltr'><strong>infelix</strong></span> <span class='ocrx_word' id='word_1_174' title='bbox 770 3220 984 3304; x_wconf 88' lang='lat' dir='ltr'><strong>operis</strong></span> <span class='ocrx_word' id='word_1_175' title='bbox 1015 3241 1289 3298; x_wconf 81' lang='lat' dir='ltr'><strong>summa,</strong></span> <span class='ocrx_word' id='word_1_176' title='bbox 1324 3219 1475 3304; x_wconf 82' lang='lat' dir='ltr'><strong>quia</strong></span> <span class='ocrx_word' id='word_1_177' title='bbox 1503 3241 1747 3303; x_wconf 90' lang='lat' dir='ltr'><strong>ponere</strong></span> <span class='ocrx_word' id='word_1_178' title='bbox 1777 3225 1991 3284; x_wconf 86' lang='lat' dir='ltr'><strong>totum</strong></span> 
     </span>
    </p>

    <p class='ocr_par' dir='ltr' id='par_1_7' title="bbox 510 3331 2316 3868">
     <span class='ocr_line' id='line_1_28' title="bbox 510 3331 2316 3417; baseline -0.001 -23"><span class='ocrx_word' id='word_1_179' title='bbox 510 3331 781 3396; x_wconf 89' lang='lat' dir='ltr'><strong>nesciet.</strong></span> <span class='ocrx_word' id='word_1_180' title='bbox 883 3332 1059 3396; x_wconf 90' lang='lat' dir='ltr'><strong>hunc</strong></span> <span class='ocrx_word' id='word_1_181' title='bbox 1090 3354 1215 3417; x_wconf 86' lang='lat' dir='ltr'><strong>ego</strong></span> <span class='ocrx_word' id='word_1_182' title='bbox 1244 3353 1373 3412; x_wconf 91' lang='lat' dir='ltr'><strong>me,</strong></span> <span class='ocrx_word' id='word_1_183' title='bbox 1404 3331 1621 3417; x_wconf 88' lang='lat' dir='ltr'><strong>siquid</strong></span> <span class='ocrx_word' id='word_1_184' title='bbox 1651 3353 2042 3417; x_wconf 88' lang='lat' dir='ltr'><strong>componere</strong></span> <span class='ocrx_word' id='word_1_185' title='bbox 2071 3351 2316 3407; x_wconf 85' lang='lat' dir='ltr'><strong>curem,</strong></span> 
     </span>
     <span class='ocr_line' id='line_1_29' title="bbox 514 3444 2220 3530; baseline -0.001 -22"><span class='ocrx_word' id='word_1_186' title='bbox 514 3467 647 3508; x_wconf 92' lang='lat' dir='ltr'><strong>non</strong></span> <span class='ocrx_word' id='word_1_187' title='bbox 676 3445 891 3529; x_wconf 86' lang='lat' dir='ltr'><strong>magis</strong></span> <span class='ocrx_word' id='word_1_188' title='bbox 922 3467 1063 3508; x_wconf 89' lang='lat' dir='ltr'><strong>esse</strong></span> <span class='ocrx_word' id='word_1_189' title='bbox 1092 3446 1293 3510; x_wconf 81' lang='lat' dir='ltr'><strong>velim</strong></span> <span class='ocrx_word' id='word_1_190' title='bbox 1324 3467 1517 3530; x_wconf 83' lang='lat' dir='ltr'><strong>quam</strong></span> <span class='ocrx_word' id='word_1_191' title='bbox 1550 3467 1710 3508; x_wconf 83' lang='lat' dir='ltr'><strong>naso</strong></span> <span class='ocrx_word' id='word_1_192' title='bbox 1739 3444 1964 3509; x_wconf 84' lang='lat' dir='ltr'><strong>vivere</strong></span> <span class='ocrx_word' id='word_1_193' title='bbox 1995 3465 2220 3529; x_wconf 84' lang='lat' dir='ltr'><strong>prav0,</strong></span> 
     </span>
     <span class='ocr_line' id='line_1_30' title="bbox 514 3557 2055 3643; baseline 0 -23"><span class='ocrx_word' id='word_1_194' title='bbox 514 3557 941 3641; x_wconf 83' lang='lat' dir='ltr'><strong>spectandum</strong></span> <span class='ocrx_word' id='word_1_195' title='bbox 966 3557 1175 3642; x_wconf 87' lang='lat' dir='ltr'><strong>nigris</strong></span> <span class='ocrx_word' id='word_1_196' title='bbox 1207 3558 1408 3622; x_wconf 87' lang='lat' dir='ltr'><strong>oculis</strong></span> <span class='ocrx_word' id='word_1_197' title='bbox 1439 3558 1766 3643; x_wconf 86' lang='lat' dir='ltr'><strong>nigroque</strong></span> <span class='ocrx_word' id='word_1_198' title='bbox 1795 3558 2055 3643; x_wconf 79' lang='lat' dir='ltr'><strong>capillo,</strong></span> 
     </span>
     <span class='ocr_line' id='line_1_31' title="bbox 516 3669 2200 3756; baseline 0 -24"><span class='ocrx_word' id='word_1_199' title='bbox 516 3669 752 3733; x_wconf 86' lang='lat' dir='ltr'><strong>sumite</strong></span> <span class='ocrx_word' id='word_1_200' title='bbox 782 3669 1120 3733; x_wconf 85' lang='lat' dir='ltr'><strong>materiam</strong></span> <span class='ocrx_word' id='word_1_201' title='bbox 1149 3671 1411 3748; x_wconf 82' lang='lat' dir='ltr'><strong>vestris,</strong></span> <span class='ocrx_word' id='word_1_202' title='bbox 1446 3670 1558 3756; x_wconf 87' lang='lat' dir='ltr'><strong>qui</strong></span> <span class='ocrx_word' id='word_1_203' title='bbox 1587 3671 1894 3748; x_wconf 88' lang='lat' dir='ltr'><strong>scribitis,</strong></span> <span class='ocrx_word' id='word_1_204' title='bbox 1925 3691 2200 3755; x_wconf 80' lang='lat' dir='ltr'><strong>aequam</strong></span> 
     </span>
     <span class='ocr_line' id='line_1_32' title="bbox 514 3782 2089 3868; baseline -0.001 -21"><span class='ocrx_word' id='word_1_205' title='bbox 514 3782 786 3860; x_wconf 85' lang='lat' dir='ltr'><strong>viribus,</strong></span> <span class='ocrx_word' id='word_1_206' title='bbox 820 3788 889 3846; x_wconf 89' lang='lat' dir='ltr'><strong>et</strong></span> <span class='ocrx_word' id='word_1_207' title='bbox 917 3788 1173 3845; x_wconf 83' lang='lat' dir='ltr'><strong>versate</strong></span> <span class='ocrx_word' id='word_1_208' title='bbox 1204 3782 1339 3861; x_wconf 90' lang='lat' dir='ltr'><strong>diu,</strong></span> <span class='ocrx_word' id='word_1_209' title='bbox 1374 3783 1530 3868; x_wconf 89' lang='lat' dir='ltr'><strong>quid</strong></span> <span class='ocrx_word' id='word_1_210' title='bbox 1563 3782 1733 3847; x_wconf 87' lang='lat' dir='ltr'><strong>ferre</strong></span> <span class='ocrx_word' id='word_1_211' title='bbox 1761 3789 2089 3860; x_wconf 88' lang='lat' dir='ltr'><strong>recusent,</strong></span> 
     </span>
    </p>

    <p class='ocr_par' dir='ltr' id='par_1_8' title="bbox 514 3893 2276 4072">
     <span class='ocr_line' id='line_1_33' title="bbox 518 3893 2276 3980; baseline 0.002 -25"><span class='ocrx_word' id='word_1_212' title='bbox 518 3893 673 3978; x_wconf 87' lang='lat' dir='ltr'><strong>quid</strong></span> <span class='ocrx_word' id='word_1_213' title='bbox 702 3895 965 3958; x_wconf 82' lang='lat' dir='ltr'><strong>valeant</strong></span> <span class='ocrx_word' id='word_1_214' title='bbox 992 3895 1219 3958; x_wconf 87' lang='lat' dir='ltr'><strong>umeri.</strong></span> <span class='ocrx_word' id='word_1_215' title='bbox 1324 3896 1426 3959; x_wconf 90' lang='lat' dir='ltr'><strong>cui</strong></span> <span class='ocrx_word' id='word_1_216' title='bbox 1457 3897 1628 3959; x_wconf 81' lang='lat' dir='ltr'><strong>lecta</strong></span> <span class='ocrx_word' id='word_1_217' title='bbox 1655 3903 1963 3980; x_wconf 86' lang='lat' dir='ltr'><strong>potenter</strong></span> <span class='ocrx_word' id='word_1_218' title='bbox 1993 3896 2120 3959; x_wconf 84' lang='lat' dir='ltr'><strong>erit</strong></span> <span class='ocrx_word' id='word_1_219' title='bbox 2147 3917 2276 3973; x_wconf 89' lang='lat' dir='ltr'><strong>res,</strong></span> 
     </span>
     <span class='ocr_line' id='line_1_34' title="bbox 514 4006 2092 4072; baseline 0.002 -3"><span class='ocrx_word' id='word_1_220' title='bbox 514 4028 635 4070; x_wconf 90' lang='lat' dir='ltr'><strong>nec</strong></span> <span class='ocrx_word' id='word_1_221' title='bbox 664 4006 963 4070; x_wconf 82' lang='lat' dir='ltr'><strong>facundia</strong></span> <span class='ocrx_word' id='word_1_222' title='bbox 991 4006 1250 4070; x_wconf 88' lang='lat' dir='ltr'><strong>deseret</strong></span> <span class='ocrx_word' id='word_1_223' title='bbox 1277 4008 1451 4072; x_wconf 90' lang='lat' dir='ltr'><strong>hunc</strong></span> <span class='ocrx_word' id='word_1_224' title='bbox 1479 4029 1602 4072; x_wconf 89' lang='lat' dir='ltr'><strong>nec</strong></span> <span class='ocrx_word' id='word_1_225' title='bbox 1631 4009 1882 4072; x_wconf 88' lang='lat' dir='ltr'><strong>lucidus</strong></span> <span class='ocrx_word' id='word_1_226' title='bbox 1913 4008 2092 4072; x_wconf 81' lang='lat' dir='ltr'><strong>ordo,</strong></span> 
     </span>
    </p>
   </div>
   <div class='ocr_carea' id='block_1_3' title="bbox 2641 2228 2706 2276">
    <p class='ocr_par' dir='ltr' id='par_1_9' title="bbox 2641 2228 2706 2276">
     <span class='ocr_line' id='line_1_35' title="bbox 2641 2228 2706 2276; baseline 0 0"><span class='ocrx_word' id='word_1_227' title='bbox 2641 2228 2706 2276; x_wconf 82' lang='lat'><strong>25</strong></span> 
     </span>
    </p>
   </div>
   <div class='ocr_carea' id='block_1_4' title="bbox 2648 2793 2712 2839">
    <p class='ocr_par' dir='ltr' id='par_1_10' title="bbox 2648 2793 2712 2839">
     <span class='ocr_line' id='line_1_36' title="bbox 2648 2793 2712 2839; baseline 0 -14"><span class='ocrx_word' id='word_1_228' title='bbox 2648 2793 2712 2839; x_wconf 82' lang='lat'><strong>30</strong></span> 
     </span>
    </p>
   </div>
   <div class='ocr_carea' id='block_1_5' title="bbox 2656 3356 2716 3404">
    <p class='ocr_par' dir='ltr' id='par_1_11' title="bbox 2656 3356 2716 3404">
     <span class='ocr_line' id='line_1_37' title="bbox 2656 3356 2716 3404; baseline 0.017 -1"><span class='ocrx_word' id='word_1_229' title='bbox 2656 3356 2716 3404; x_wconf 81' lang='lat'><strong>35</strong></span> 
     </span>
    </p>
   </div>
   <div class='ocr_carea' id='block_1_6' title="bbox 2655 3921 2726 3967">
    <p class='ocr_par' dir='ltr' id='par_1_12' title="bbox 2655 3921 2726 3967">
     <span class='ocr_line' id='line_1_38' title="bbox 2655 3921 2726 3967; baseline 0 -13"><span class='ocrx_word' id='word_1_230' title='bbox 2655 3921 2726 3967; x_wconf 81' lang='lat'><strong>40</strong></span> 
     </span>
    </p>
   </div>
  </div>
 </body>
</html>
