3109 4817
523 159 648 223 312
1423 155 1883 221 HORATII

531 335 587 398 si
616 331 1034 418 comportatis
1062 333 1259 397 rebus
1289 332 1457 397 bene
1491 333 1742 416 cogitat
1768 333 1887 396 uti.

535 446 647 531 qui
676 445 858 530 cupit
884 452 999 509 aut
1025 445 1284 523 metuit,
1315 445 1501 509 iuvat
1527 445 1713 509 illum
1744 445 1836 509 sic
1865 446 2097 509 domus
2127 453 2197 510 et
2224 468 2329 510 res

532 565 611 622 ut
637 558 891 643 lippum
919 558 1130 644 pictae
1158 558 1438 637 tabulae,
1468 558 1759 622 fomenta
1781 558 2159 644 podagram,

531 672 852 735 auriculas
882 671 1163 734 citharae
1193 671 1462 735 collecta
1489 670 1680 735 sorde
1711 671 2027 736 dolentes.

534 787 853 852 sincerum
884 794 987 852 est
1013 787 1141 852 nisi
1166 810 1305 866 vas,
1340 788 1801 874 quodcumque
1831 787 2121 852 infundis
2151 789 2412 853 acescit.

533 923 767 988 sperne
794 903 1202 987 voluptates:
1248 909 1443 965 nocet
1471 908 1694 987 empta
1722 903 1944 966 dolore
1972 902 2295 987 voluptas.

532 1034 790 1098 semper
817 1036 1051 1078 avarus
1081 1020 1269 1099 eget:
1316 1020 1569 1078 certum
1598 1022 1755 1078 voto
1784 1021 1935 1099 pete
1964 1015 2182 1079 finem.

532 1126 795 1190 invidus
824 1126 1087 1190 alterius
1116 1127 1457 1190 macrescit
1483 1128 1680 1191 rebus
1710 1128 1979 1212 opimis:

533 1238 779 1304 invidia
812 1237 1007 1302 Siculi
1035 1260 1167 1302 non
1195 1238 1505 1304 invenere
1534 1240 1793 1324 tyranni

534 1351 739 1415 maius
769 1358 1189 1415 tormentum.
1292 1351 1406 1436 qui
1434 1373 1568 1415 non
1602 1351 2047 1417 moderabitur
2072 1354 2228 1432 irae,

532 1464 847 1528 infectum
874 1463 1053 1528 volet
1082 1485 1246 1541 esse,
1277 1463 1462 1527 dolor
1492 1464 1669 1549 quod
1700 1465 1979 1529 suaserit
2007 1473 2075 1529 et
2102 1487 2321 1544 mens,

531 1577 690 1640 dum
717 1597 960 1662 poenas
990 1576 1139 1639 odio
1160 1598 1278 1661 per
1305 1575 1442 1640 vim
1471 1577 1737 1641 festinat
1765 1578 1993 1642 inulto.

530 1690 627 1753 ira
655 1690 831 1754 furor
859 1689 1079 1754 brevis
1110 1695 1246 1753 est:
1293 1690 1584 1753 animum
1613 1711 1792 1774 rege,
1827 1691 1938 1775 qui
1972 1691 2097 1754 nisi
2127 1698 2337 1776 paret,

528 1804 840 1888 imperat:
886 1803 1061 1866 hunc
1090 1802 1311 1881 frenis,
1341 1803 1514 1866 hunc
1543 1810 1618 1866 tu
1651 1825 1987 1888 compesce
2017 1811 2267 1869 catena.

528 1917 721 2002 fingit
750 1938 994 2001 equum
1023 1922 1249 1979 tenera
1277 1915 1551 1980 docilem
1582 1916 1833 1980 cervice
1863 1918 2178 2002 magister

529 2030 625 2094 ire
653 2030 828 2094 viam
858 2052 987 2114 qua
1014 2035 1336 2092 monstret
1364 2048 1602 2112 eques:
1648 2028 2009 2108 venaticus,
2042 2052 2123 2093 ex
2156 2051 2288 2114 quo

527 2149 820 2228 tempore
849 2141 1177 2205 cervinam
1204 2141 1440 2226 pellem
1467 2142 1733 2205 latravit
1759 2141 1828 2204 in
1859 2144 2028 2221 aula,

527 2255 763 2319 militat
788 2254 858 2317 in
888 2253 1068 2319 silvis
1098 2254 1374 2317 catulus.
1475 2275 1652 2316 nunc
1681 2254 1918 2318 adhibe
1949 2277 2116 2339 puro

526 2375 789 2453 pectore
817 2367 1020 2432 verba
1049 2388 1232 2450 puer,
1261 2388 1435 2429 nunc
1466 2372 1533 2430 te
1566 2367 1940 2431 melioribus
1976 2366 2155 2432 offer.

530 2502 660 2564 quo
691 2479 890 2543 semel
922 2485 1023 2543 est
1049 2479 1305 2542 imbuta
1332 2500 1581 2557 recens,
1613 2479 1902 2543 servabit
1931 2479 2195 2543 odorem

529 2598 701 2656 testa
728 2591 864 2655 diu.
968 2591 1199 2676 quodsi
1228 2613 1440 2656 cessas
1468 2598 1588 2656 aut
1615 2598 1922 2656 strenuus
1952 2593 2184 2671 anteis,

529 2727 649 2768 nec
679 2703 940 2769 tardum
971 2703 1272 2789 opperior
1296 2725 1419 2768 nec
1449 2705 1991 2789 praecedentibus
2021 2705 2219 2770 insto,

2665 359 2728 408 50

2666 931 2728 979 55

2661 1481 2728 1527 60
