3109 4817
617 252 748 317 364
1491 249 1955 317 HORATII

619 430 745 492 rite
777 430 980 492 cliens
1011 428 1252 491 Bacchi
1281 448 1512 491 somno
1543 427 1894 512 gaudentis
1924 437 1993 491 et
2022 429 2252 492 umbra
2277 454 2294 491 ε

619 549 694 604 tu
721 562 827 604 me
855 541 1031 604 inter
1059 540 1375 625 strepitus
1403 547 1758 604 nocturnos
1788 547 1985 627 atque
2015 541 2283 605 diurnos

617 653 719 717 vis
750 674 982 718 canere
1014 661 1084 718 et
1110 660 1445 718 contracta
1474 654 1660 739 sequi
1690 654 1975 739 vestigia
2000 661 2225 718 vatum
2254 656 2282 719 ’.Ρ

621 766 982 850 ingenium,
1016 766 1142 831 sibi
1175 766 1350 852 quod
1379 789 1617 831 vacuas
1648 767 2013 851 desumpsit
2040 768 2339 831 Athenas

624 884 694 942 et
724 878 958 942 studiis
988 900 1194 943 annos
1225 888 1479 963 septem
1509 878 1697 943 dedit
1722 879 2140 965 insenuitque

619 990 803 1054 libris
833 997 902 1054 et
931 992 1124 1069 curis,
1159 998 1377 1055 statua
1406 990 1793 1055 taciturnius
1824 992 1963 1055 exit

621 1104 1003 1190 plerumque
1035 1110 1104 1169 et
1132 1104 1268 1168 risu
1296 1105 1611 1189 populum
1644 1104 1893 1189 quatit:
1946 1105 2053 1168 hic
2082 1126 2209 1190 ego
2238 1126 2457 1167 rerum

619 1216 926 1281 fluctibus
953 1217 1024 1279 in
1055 1217 1288 1281 mediis
1320 1223 1388 1281 et
1417 1216 1923 1302 tempestatibus
1954 1217 2135 1282 urbis

617 1330 822 1393 verba
850 1330 1028 1413 lyrae
1058 1337 1318 1394 motura
1346 1352 1580 1393 sonum
1609 1337 1951 1394 conectere
1980 1330 2265 1415 digner?

619 1442 820 1506 frater
849 1450 991 1505 erat
1026 1442 1274 1506 Romae
1305 1442 1589 1507 consulti
1618 1442 1869 1521 rhetor,
1901 1450 1977 1507 ut
2004 1443 2171 1507 alter

619 1554 884 1619 alterius
915 1576 1214 1619 sermone
1243 1576 1457 1619 meros
1487 1555 1746 1621 audiret
1774 1556 2075 1633 honoreS,

623 1666 951 1731 Gracchus
983 1675 1058 1730 ut
1085 1667 1191 1731 hio
1220 1667 1339 1745 ini,
1371 1668 1544 1731 foret
1573 1666 1723 1731 huic
1755 1674 1833 1731 ut
1860 1668 2123 1731 Mucius
2150 1668 2281 1731 ille.

625 1780 735 1865 qui
763 1780 980 1843 minus
1010 1787 1282 1864 argutos
1311 1787 1512 1844 vexat
1540 1780 1721 1844 furor
1747 1780 1875 1845 iste
1904 1782 2184 1865 poetas?

621 1892 907 1955 carmina
935 1914 1254 1977 conpon0,
1287 1892 1394 1956 hic
1425 1893 1668 1978 elegos,
1772 1893 2068 1958 mirabile
2096 1893 2245 1957 visu

619 2005 1067 2091 caelatumque
1096 2026 1336 2069 novem
1365 2005 1571 2070 musis
1602 2008 1803 2091 opus!
1855 2007 2073 2091 aspice
2103 2008 2409 2091 primum,

625 2123 868 2202 quanto
897 2139 1046 2181 cum
1077 2119 1273 2193 fastu,
1307 2126 1552 2203 quanto
1582 2118 1915 2183 molimine
1946 2119 2189 2183 circum

623 2236 992 2313 spectemus
1021 2252 1297 2293 vacuam
1329 2230 1641 2294 Romanis
1672 2231 1935 2296 vatibus
1964 2232 2191 2296 aedem
2219 2259 2233 2295 ε

623 2364 778 2405 mox
808 2343 1027 2421 etiam,
1061 2343 1116 2406 si
1148 2342 1316 2407 forte
1346 2365 1563 2421 vacaS‚
1596 2365 1870 2429 sequere
1902 2350 1970 2408 et
1999 2346 2227 2429 procul
2254 2345 2432 2423 audi,

627 2455 784 2539 quid
814 2456 980 2519 ferat
1010 2462 1079 2519 et
1109 2478 1237 2539 qua
1265 2477 1336 2519 re
1368 2456 1496 2520 sibi
1523 2462 1749 2521 nectat
1778 2462 2052 2542 uterque
2082 2478 2407 2521 coronam.

625 2566 956 2630 caedimur
984 2575 1054 2632 et
1082 2568 1359 2632 totidem
1388 2569 1603 2653 plagis
1633 2569 2073 2633 consumimus
2101 2569 2359 2633 hostem

623 2680 802 2743 lento
837 2680 1162 2743 Samnites
1191 2680 1274 2743 ad
1305 2679 1552 2743 lumina
1582 2676 1793 2765 prima
1820 2681 2057 2747 duello,

626 2792 890 2856 discedo
919 2794 1199 2859 Alcaeus
1229 2801 1476 2879 puncto
1504 2794 1721 2872 illius3
1767 2796 1877 2859 ille
1908 2817 2053 2859 meo
2086 2796 2229 2880 quis
2258 2797 2285 2859 Ρ

625 2904 770 2989 quis
798 2905 926 2969 nisi
960 2906 1437 2972 Callimachus?
1484 2908 1541 2971 si
1570 2908 1717 2992 plus
1745 2908 2096 2993 adposcere
2126 2908 2328 2987 visus,

625 3018 701 3082 fit
729 3018 1160 3083 Mimnermus
1190 3026 1258 3083 et
1287 3020 1512 3105 optivo
1543 3022 1931 3105 cognomine
1963 3021 2214 3085 crescit.

627 3133 832 3196 multa
860 3134 1020 3211 fero,
1052 3139 1128 3195 ut
1157 3132 1406 3217 placem
1437 3154 1649 3218 genus
1678 3133 1993 3197 irritabile
2024 3142 2272 3213 vatum,

626 3268 776 3309 cum
805 3245 1018 3309 scribo
1049 3251 1117 3308 et
1147 3245 1422 3329 supplex
1453 3245 1680 3329 populi
1709 3246 2019 3331 suffragia
2049 3254 2239 3331 capto
2264 3271 2279 3310 ε

624 3358 824 3435 idem,
855 3358 1058 3421 finitis
1089 3357 1322 3421 studiis
1353 3365 1423 3421 et
1449 3366 1673 3422 mente
1704 3366 1989 3443 recepta,

626 3480 924 3555 optus-em
955 3470 1208 3554 patulas
1237 3469 1482 3553 inpune
1513 3471 1887 3555 legentibus
1918 3493 2125 3534 aures.

627 3583 925 3646 ridentur
953 3582 1122 3644 mala
1151 3581 1264 3665 qui
1292 3589 1677 3667 conponunt
1704 3584 2024 3659 carmina5
2069 3604 2297 3646 verum

629 3696 922 3780 gaudent
951 3694 1309 3758 scribentes
1341 3701 1410 3757 et
1439 3716 1508 3759 se
1539 3703 1937 3759 venerantur
1967 3702 2035 3759 et
2063 3696 2257 3773 ultro,

629 3809 685 3873 si
715 3816 952 3887 taceas,
983 3806 1252 3871 laudant
1281 3808 1591 3893 quicquid
1622 3809 1938 3893 scripsere
1966 3807 2165 3872 beati.

627 3928 698 3985 at
727 3921 838 4006 qui
865 3919 1233 4005 legitimum
1263 3920 1486 4004 cupiet
1514 3920 1745 3985 fecisse
1774 3942 2027 4005 poema,

629 4056 774 4096 cum
805 4032 1044 4097 tabulis
1073 4032 1356 4095 animum
1391 4033 1679 4097 censoris
1709 4041 1925 4097 sumet
1951 4034 2211 4099 honesti
2236 4060 2255 4111 ;

2776 2376 2843 2422 95

2752 2941 2843 2975 leo
