3109 4817
1003 206 1755 273 EPISTULARUM
1817 207 1852 269 Ι
1909 210 1947 271 5

370 385 527 471 quid
555 407 689 450 non
720 385 1004 449 ebrietas
1033 383 1409 468 dissignat?
1457 389 1687 468 operta.
1712 383 2012 461 recludit,

366 521 515 584 spes
543 499 732 562 iubet
761 518 903 561 esse
932 503 1131 574 ratas,
1163 496 1248 559 ad
1276 495 1523 581 proelia
1552 496 1763 560 trudit
1789 496 2092 575 inertem,

365 610 658 675 sollicitis
687 609 920 673 animis
951 630 1115 673 onus
1146 608 1397 687 eximit,
1428 608 1709 673 addocet
1736 616 1931 673 artes

367 722 627 787 fecundi
657 722 889 786 calices
920 744 1114 807 quem
1143 742 1279 785 nou
1307 722 1519 785 fecere
1550 721 1918 786 disertum?

367 840 700 900 contracta.
729 856 923 919 quem
951 855 1085 898 non
1113 835 1184 897 in
1213 841 1599 919 paupertate
1629 835 1963 899 solutum?

367 948 527 1012 haec
556 968 682 1033 ego
712 968 1056 1032 procurare
1088 952 1157 1010 et
1182 946 1457 1011 idoneus
1485 947 1773 1032 imperor
1800 953 1870 1011 et
1896 969 2029 1011 non

367 1060 637 1139 invitus,
666 1082 752 1124 ne
783 1066 974 1145 turpe
1005 1060 1193 1138 toral,
1224 1082 1308 1124 ne
1340 1060 1603 1124 sordida
1631 1082 1869 1145 mappa

370 1183 680 1261 corruget
707 1198 920 1255 nares,
951 1198 1035 1240 ne
1064 1198 1199 1239 non
1230 1182 1300 1240 et
1327 1177 1676 1241 cantharus
1706 1183 1776 1241 et
1802 1178 1956 1241 lanx

373 1289 678 1354 ostendat
705 1289 830 1353 tibi
859 1296 948 1367 te,
980 1311 1065 1353 ne
1094 1289 1259 1354 fidos
1288 1290 1463 1353 inter
1490 1289 1731 1354 amicos

371 1403 458 1467 sit
488 1403 601 1488 qui
629 1402 804 1466 dicta
832 1402 1004 1467 foras
1035 1402 1348 1481 eliminet,
1380 1408 1457 1466 ut
1485 1409 1672 1466 coeat
1699 1424 1818 1487 par

370 1517 809 1601 iungaturque
838 1515 1000 1600 pari.
1106 1516 1378 1579 Butram
1409 1515 1533 1579 tibi
1570 1515 2057 1600 Septiciumque

374 1634 443 1692 et
468 1628 597 1692 nisi
625 1649 787 1691 cena
814 1628 994 1712 prior
1022 1628 1366 1713 potiorque
1396 1629 1613 1713 puella
1647 1627 1959 1692 Sabinum

374 1741 627 1805 detinet
654 1740 1012 1805 adsumam.
1110 1742 1293 1804 locus
1325 1746 1427 1804 est
1457 1747 1526 1804 et
1552 1740 1847 1826 pluribus
1876 1740 2159 1803 umbris:

375 1853 490 1917 sed
518 1853 715 1916 nimis
752 1860 894 1917 arta
920 1859 1230 1938 premunt
1259 1853 1468 1916 olidae
1499 1852 1800 1917 convivia
1827 1874 2079 1937 caprae.

373 1972 449 2029 tu
477 1973 716 2051 quotus
746 1988 888 2030 esse
917 1966 1080 2031 velis
1110 1966 1393 2030 rescribe
1424 1973 1493 2029 et
1518 1965 1715 2029 rebus
1745 1965 1999 2029 omissis

375 2081 539 2145 atria
567 2088 939 2146 servantem
967 2082 1219 2166 postico
1249 2081 1397 2144 falle
1428 2079 1753 2144 clientem.

2450 207 2574 271 317

2512 864 2579 897 20

2517 1991 2581 2039 30
