<?xml version="1.0" encoding="UTF-8"?>
<!DOCTYPE html PUBLIC "-//W3C//DTD XHTML 1.0 Transitional//EN"
    "http://www.w3.org/TR/xhtml1/DTD/xhtml1-transitional.dtd">
<html xmlns="http://www.w3.org/1999/xhtml" xml:lang="en" lang="en">
 <head>
  <title>
</title>
<meta http-equiv="Content-Type" content="text/html;charset=utf-8" />
  <meta name='ocr-system' content='tesseract 3.04.00' />
  <meta name='ocr-capabilities' content='ocr_page ocr_carea ocr_par ocr_line ocrx_word'/>
</head>
<body>
  <div class='ocr_page' id='page_1' title='image "./qhoratiiflaccio04unkngoog_0301.png"; bbox 0 0 3109 4817; ppageno 0'>
   <div class='ocr_carea' id='block_1_1' title="bbox 1084 202 2088 279">
    <p class='ocr_par' dir='ltr' id='par_1_1' title="bbox 1084 202 2088 279">
     <span class='ocr_line' id='line_1_1' title="bbox 1084 202 2088 279; baseline -0.007 -6"><span class='ocrx_word' id='word_1_1' title='bbox 1084 202 1671 273; x_wconf 80' lang='lat' dir='ltr'>SERMONUM</span> <span class='ocrx_word' id='word_1_2' title='bbox 1731 202 1766 265; x_wconf 92' lang='lat' dir='ltr'><strong>I</strong></span> <span class='ocrx_word' id='word_1_3' title='bbox 1821 202 1884 279; x_wconf 91' lang='lat'><strong>7,</strong></span> <span class='ocrx_word' id='word_1_4' title='bbox 1930 203 1969 267; x_wconf 84' lang='lat'>8</span> <span class='ocrx_word' id='word_1_5' title='bbox 2084 235 2088 238; x_wconf 91' lang='lat'><strong>·</strong></span> 
     </span>
    </p>
   </div>
   <div class='ocr_carea' id='block_1_2' title="bbox 1177 552 1932 1736">
    <p class='ocr_par' dir='ltr' id='par_1_2' title="bbox 1177 552 1932 1736">
     <span class='ocr_line' id='line_1_2' title="bbox 1177 552 1932 1736; baseline 0 0"><span class='ocrx_word' id='word_1_6' title='bbox 1177 552 1932 1736; x_wconf 95' lang='lat' dir='ltr'><strong> </strong></span> 
     </span>
    </p>
   </div>
   <div class='ocr_carea' id='block_1_3' title="bbox 1441 1961 1616 2024">
    <p class='ocr_par' dir='ltr' id='par_1_3' title="bbox 1441 1961 1616 2024">
     <span class='ocr_line' id='line_1_3' title="bbox 1441 1961 1616 2024; baseline 0 0"><span class='ocrx_word' id='word_1_7' title='bbox 1441 1961 1616 2024; x_wconf 89' lang='lat' dir='ltr'><strong>VIII</strong></span> 
     </span>
    </p>
   </div>
   <div class='ocr_carea' id='block_1_4' title="bbox 403 2182 2470 4169">
    <p class='ocr_par' dir='ltr' id='par_1_4' title="bbox 403 2182 2470 4078">
     <span class='ocr_line' id='line_1_4' title="bbox 450 2182 2220 2379; baseline -0.006 -124"><span class='ocrx_word' id='word_1_8' title='bbox 450 2182 827 2379; x_wconf 81' lang='lat' dir='ltr'><strong>OLIM</strong></span> <span class='ocrx_word' id='word_1_9' title='bbox 859 2196 1126 2254; x_wconf 89' lang='lat' dir='ltr'><strong>truncus</strong></span> <span class='ocrx_word' id='word_1_10' title='bbox 1157 2210 1333 2253; x_wconf 89' lang='lat' dir='ltr'><strong>eram</strong></span> <span class='ocrx_word' id='word_1_11' title='bbox 1360 2187 1659 2265; x_wconf 88' lang='lat' dir='ltr'><strong>ficulnus,</strong></span> <span class='ocrx_word' id='word_1_12' title='bbox 1688 2185 1918 2248; x_wconf 89' lang='lat' dir='ltr'><strong>inutile</strong></span> <span class='ocrx_word' id='word_1_13' title='bbox 1947 2185 2220 2267; x_wconf 88' lang='lat' dir='ltr'><strong>lignum,</strong></span> 
     </span>
     <span class='ocr_line' id='line_1_5' title="bbox 701 2295 2470 2381; baseline -0.006 -14"><span class='ocrx_word' id='word_1_14' title='bbox 701 2325 850 2367; x_wconf 93' lang='lat' dir='ltr'><strong>cum</strong></span> <span class='ocrx_word' id='word_1_15' title='bbox 878 2303 1082 2381; x_wconf 87' lang='lat' dir='ltr'><strong>faber,</strong></span> <span class='ocrx_word' id='word_1_16' title='bbox 1110 2302 1397 2365; x_wconf 89' lang='lat' dir='ltr'><strong>incertus</strong></span> <span class='ocrx_word' id='word_1_17' title='bbox 1427 2321 1761 2364; x_wconf 80' lang='lat' dir='ltr'><strong>scamnum</strong></span> <span class='ocrx_word' id='word_1_18' title='bbox 1790 2298 2112 2361; x_wconf 77' lang='lat' dir='ltr'><strong>faceretne</strong></span> <span class='ocrx_word' id='word_1_19' title='bbox 2143 2295 2470 2379; x_wconf 76' lang='lat' dir='ltr'><strong>Priapum,</strong></span> 
     </span>
     <span class='ocr_line' id='line_1_6' title="bbox 435 2409 2327 2499; baseline -0.004 -21"><span class='ocrx_word' id='word_1_20' title='bbox 435 2415 663 2479; x_wconf 84' lang='lat' dir='ltr'><strong>maluit</strong></span> <span class='ocrx_word' id='word_1_21' title='bbox 692 2437 834 2480; x_wconf 89' lang='lat' dir='ltr'><strong>esse</strong></span> <span class='ocrx_word' id='word_1_22' title='bbox 863 2416 1078 2479; x_wconf 87' lang='lat' dir='ltr'><strong>deum.</strong></span> <span class='ocrx_word' id='word_1_23' title='bbox 1182 2414 1344 2478; x_wconf 88' lang='lat' dir='ltr'><strong>deus</strong></span> <span class='ocrx_word' id='word_1_24' title='bbox 1371 2413 1525 2477; x_wconf 83' lang='lat' dir='ltr'><strong>inde</strong></span> <span class='ocrx_word' id='word_1_25' title='bbox 1555 2435 1704 2499; x_wconf 88' lang='lat' dir='ltr'><strong>eg0‚</strong></span> <span class='ocrx_word' id='word_1_26' title='bbox 1735 2412 1951 2475; x_wconf 78' lang='lat' dir='ltr'><strong>furum</strong></span> <span class='ocrx_word' id='word_1_27' title='bbox 1979 2409 2327 2494; x_wconf 83' lang='lat' dir='ltr'><strong>aviumque</strong></span> 
     </span>
     <span class='ocr_line' id='line_1_7' title="bbox 437 2526 2006 2592; baseline -0.002 -2"><span class='ocrx_word' id='word_1_28' title='bbox 437 2528 718 2591; x_wconf 81' lang='lat' dir='ltr'><strong>maxima</strong></span> <span class='ocrx_word' id='word_1_29' title='bbox 746 2528 1056 2592; x_wconf 88' lang='lat' dir='ltr'><strong>formido:</strong></span> <span class='ocrx_word' id='word_1_30' title='bbox 1102 2550 1254 2591; x_wconf 88' lang='lat' dir='ltr'><strong>nam</strong></span> <span class='ocrx_word' id='word_1_31' title='bbox 1284 2526 1458 2591; x_wconf 89' lang='lat' dir='ltr'><strong>fures</strong></span> <span class='ocrx_word' id='word_1_32' title='bbox 1489 2527 1722 2590; x_wconf 84' lang='lat' dir='ltr'><strong>dextra</strong></span> <span class='ocrx_word' id='word_1_33' title='bbox 1750 2530 2006 2589; x_wconf 88' lang='lat' dir='ltr'><strong>coercet</strong></span> 
     </span>
     <span class='ocr_line' id='line_1_8' title="bbox 439 2639 2104 2726; baseline -0.001 -24"><span class='ocrx_word' id='word_1_34' title='bbox 439 2640 846 2726; x_wconf 89' lang='lat' dir='ltr'><strong>obscenoque</strong></span> <span class='ocrx_word' id='word_1_35' title='bbox 874 2642 1073 2706; x_wconf 90' lang='lat' dir='ltr'><strong>ruber</strong></span> <span class='ocrx_word' id='word_1_36' title='bbox 1101 2647 1436 2726; x_wconf 88' lang='lat' dir='ltr'><strong>porrectus</strong></span> <span class='ocrx_word' id='word_1_37' title='bbox 1465 2640 1549 2704; x_wconf 97' lang='lat' dir='ltr'><strong>ab</strong></span> <span class='ocrx_word' id='word_1_38' title='bbox 1579 2639 1849 2724; x_wconf 83' lang='lat' dir='ltr'><strong>inguine</strong></span> <span class='ocrx_word' id='word_1_39' title='bbox 1879 2639 2104 2723; x_wconf 89' lang='lat' dir='ltr'><strong>palus;</strong></span> 
     </span>
     <span class='ocr_line' id='line_1_9' title="bbox 437 2751 1967 2837; baseline -0.001 -22"><span class='ocrx_word' id='word_1_40' title='bbox 437 2759 541 2815; x_wconf 86' lang='lat' dir='ltr'><strong>ast</strong></span> <span class='ocrx_word' id='word_1_41' title='bbox 566 2753 948 2837; x_wconf 88' lang='lat' dir='ltr'><strong>inportunas</strong></span> <span class='ocrx_word' id='word_1_42' title='bbox 976 2754 1272 2818; x_wconf 86' lang='lat' dir='ltr'><strong>volucres</strong></span> <span class='ocrx_word' id='word_1_43' title='bbox 1300 2753 1369 2816; x_wconf 90' lang='lat' dir='ltr'><strong>in</strong></span> <span class='ocrx_word' id='word_1_44' title='bbox 1398 2752 1645 2817; x_wconf 86' lang='lat' dir='ltr'><strong>vertice</strong></span> <span class='ocrx_word' id='word_1_45' title='bbox 1672 2751 1967 2815; x_wconf 79' lang='lat' dir='ltr'><strong>harundo</strong></span> 
     </span>
     <span class='ocr_line' id='line_1_10' title="bbox 438 2863 2073 2952; baseline 0 -25"><span class='ocrx_word' id='word_1_46' title='bbox 438 2870 642 2928; x_wconf 91' lang='lat' dir='ltr'><strong>terret</strong></span> <span class='ocrx_word' id='word_1_47' title='bbox 667 2865 798 2928; x_wconf 78' lang='lat' dir='ltr'><strong>fixa</strong></span> <span class='ocrx_word' id='word_1_48' title='bbox 824 2872 1137 2952; x_wconf 81' lang='lat' dir='ltr'><strong>vetatque</strong></span> <span class='ocrx_word' id='word_1_49' title='bbox 1164 2865 1353 2930; x_wconf 87' lang='lat' dir='ltr'><strong>novis</strong></span> <span class='ocrx_word' id='word_1_50' title='bbox 1383 2865 1719 2930; x_wconf 80' lang='lat' dir='ltr'><strong>considere</strong></span> <span class='ocrx_word' id='word_1_51' title='bbox 1748 2864 1817 2927; x_wconf 90' lang='lat' dir='ltr'><strong>in</strong></span> <span class='ocrx_word' id='word_1_52' title='bbox 1846 2863 2073 2928; x_wconf 87' lang='lat' dir='ltr'><strong>hortis.</strong></span> 
     </span>
     <span class='ocr_line' id='line_1_11' title="bbox 403 2976 1881 3062; baseline 0.001 -24"><span class='ocrx_word' id='word_1_53' title='bbox 403 3011 409 3018; x_wconf 93' lang='lat'>·</span> <span class='ocrx_word' id='word_1_54' title='bbox 436 2976 563 3039; x_wconf 89' lang='lat' dir='ltr'><strong>huc</strong></span> <span class='ocrx_word' id='word_1_55' title='bbox 592 2978 771 3062; x_wconf 90' lang='lat' dir='ltr'><strong>prius</strong></span> <span class='ocrx_word' id='word_1_56' title='bbox 799 2978 1096 3062; x_wconf 85' lang='lat' dir='ltr'><strong>angustis</strong></span> <span class='ocrx_word' id='word_1_57' title='bbox 1126 2980 1331 3044; x_wconf 89' lang='lat' dir='ltr'><strong>eiecta</strong></span> <span class='ocrx_word' id='word_1_58' title='bbox 1359 2979 1676 3044; x_wconf 80' lang='lat' dir='ltr'><strong>cadavera</strong></span> <span class='ocrx_word' id='word_1_59' title='bbox 1704 2977 1881 3041; x_wconf 90' lang='lat' dir='ltr'><strong>cellis</strong></span> 
     </span>
     <span class='ocr_line' id='line_1_12' title="bbox 439 3091 1877 3176; baseline 0.001 -25"><span class='ocrx_word' id='word_1_60' title='bbox 439 3109 789 3155; x_wconf 84' lang='lat' dir='ltr'><strong>conservus</strong></span> <span class='ocrx_word' id='word_1_61' title='bbox 818 3092 934 3155; x_wconf 83' lang='lat' dir='ltr'><strong>vili</strong></span> <span class='ocrx_word' id='word_1_62' title='bbox 962 3092 1282 3176; x_wconf 86' lang='lat' dir='ltr'><strong>portanda</strong></span> <span class='ocrx_word' id='word_1_63' title='bbox 1309 3093 1567 3156; x_wconf 87' lang='lat' dir='ltr'><strong>locabat</strong></span> <span class='ocrx_word' id='word_1_64' title='bbox 1592 3091 1662 3154; x_wconf 89' lang='lat' dir='ltr'><strong>in</strong></span> <span class='ocrx_word' id='word_1_65' title='bbox 1691 3112 1877 3165; x_wconf 86' lang='lat' dir='ltr'><strong>arca;</strong></span> 
     </span>
     <span class='ocr_line' id='line_1_13' title="bbox 438 3202 2103 3288; baseline -0.001 -24"><span class='ocrx_word' id='word_1_66' title='bbox 438 3202 561 3265; x_wconf 92' lang='lat' dir='ltr'><strong>hoc</strong></span> <span class='ocrx_word' id='word_1_67' title='bbox 589 3204 863 3267; x_wconf 75' lang='lat' dir='ltr'><strong>miserae</strong></span> <span class='ocrx_word' id='word_1_68' title='bbox 892 3205 1069 3288; x_wconf 90' lang='lat' dir='ltr'><strong>plebi</strong></span> <span class='ocrx_word' id='word_1_69' title='bbox 1099 3205 1315 3269; x_wconf 84' lang='lat' dir='ltr'><strong>stabat</strong></span> <span class='ocrx_word' id='word_1_70' title='bbox 1343 3225 1684 3268; x_wconf 91' lang='lat' dir='ltr'><strong>commune</strong></span> <span class='ocrx_word' id='word_1_71' title='bbox 1715 3202 2103 3286; x_wconf 86' lang='lat' dir='ltr'><strong>sepulcrum,</strong></span> 
     </span>
     <span class='ocr_line' id='line_1_14' title="bbox 441 3313 1933 3400; baseline 0.001 -24"><span class='ocrx_word' id='word_1_72' title='bbox 441 3313 798 3379; x_wconf 73' lang='lat' dir='ltr'>Pantolabo</span> <span class='ocrx_word' id='word_1_73' title='bbox 828 3339 1084 3381; x_wconf 90' lang='lat' dir='ltr'><strong>scurrae</strong></span> <span class='ocrx_word' id='word_1_74' title='bbox 1114 3317 1659 3400; x_wconf 70' lang='lat' dir='ltr'><strong>Nomentanoque</strong></span> <span class='ocrx_word' id='word_1_75' title='bbox 1688 3313 1933 3399; x_wconf 87' lang='lat' dir='ltr'><strong>nepoti.</strong></span> 
     </span>
     <span class='ocr_line' id='line_1_15' title="bbox 438 3426 2173 3512; baseline -0.002 -22"><span class='ocrx_word' id='word_1_76' title='bbox 438 3427 613 3491; x_wconf 91' lang='lat' dir='ltr'><strong>mille</strong></span> <span class='ocrx_word' id='word_1_77' title='bbox 643 3428 843 3512; x_wconf 87' lang='lat' dir='ltr'><strong>pedes</strong></span> <span class='ocrx_word' id='word_1_78' title='bbox 871 3430 939 3492; x_wconf 92' lang='lat' dir='ltr'><strong>in</strong></span> <span class='ocrx_word' id='word_1_79' title='bbox 969 3430 1204 3509; x_wconf 78' lang='lat' dir='ltr'><strong>fronte,</strong></span> <span class='ocrx_word' id='word_1_80' title='bbox 1235 3436 1562 3494; x_wconf 87' lang='lat' dir='ltr'><strong>trecentos</strong></span> <span class='ocrx_word' id='word_1_81' title='bbox 1591 3428 1820 3512; x_wconf 90' lang='lat' dir='ltr'><strong>cippus</strong></span> <span class='ocrx_word' id='word_1_82' title='bbox 1846 3426 1916 3489; x_wconf 88' lang='lat' dir='ltr'><strong>in</strong></span> <span class='ocrx_word' id='word_1_83' title='bbox 1944 3447 2173 3510; x_wconf 82' lang='lat' dir='ltr'><strong>agrum</strong></span> 
     </span>
     <span class='ocr_line' id='line_1_16' title="bbox 439 3538 2192 3624; baseline -0.001 -22"><span class='ocrx_word' id='word_1_84' title='bbox 439 3538 545 3603; x_wconf 89' lang='lat' dir='ltr'><strong>hic</strong></span> <span class='ocrx_word' id='word_1_85' title='bbox 573 3540 810 3618; x_wconf 79' lang='lat' dir='ltr'><strong>dabat3</strong></span> <span class='ocrx_word' id='word_1_86' title='bbox 854 3543 1126 3607; x_wconf 86' lang='lat' dir='ltr'><strong>heredes</strong></span> <span class='ocrx_word' id='word_1_87' title='bbox 1153 3547 1650 3606; x_wconf 76' lang='lat' dir='ltr'><strong>monumentum</strong></span> <span class='ocrx_word' id='word_1_88' title='bbox 1677 3562 1762 3603; x_wconf 94' lang='lat' dir='ltr'><strong>ne</strong></span> <span class='ocrx_word' id='word_1_89' title='bbox 1792 3544 2192 3624; x_wconf 81' lang='lat' dir='ltr'><strong>sequeretur.</strong></span> 
     </span>
     <span class='ocr_line' id='line_1_17' title="bbox 438 3653 2071 3740; baseline -0.001 -26"><span class='ocrx_word' id='word_1_90' title='bbox 438 3673 612 3716; x_wconf 90' lang='lat' dir='ltr'><strong>nunc</strong></span> <span class='ocrx_word' id='word_1_91' title='bbox 640 3654 795 3718; x_wconf 88' lang='lat' dir='ltr'><strong>licet</strong></span> <span class='ocrx_word' id='word_1_92' title='bbox 822 3654 1128 3740; x_wconf 78' lang='lat' dir='ltr'><strong>Esquiliis</strong></span> <span class='ocrx_word' id='word_1_93' title='bbox 1155 3654 1450 3718; x_wconf 83' lang='lat' dir='ltr'><strong>habitare</strong></span> <span class='ocrx_word' id='word_1_94' title='bbox 1480 3653 1846 3718; x_wconf 80' lang='lat' dir='ltr'><strong>salubribus</strong></span> <span class='ocrx_word' id='word_1_95' title='bbox 1875 3658 2071 3736; x_wconf 88' lang='lat' dir='ltr'><strong>atque</strong></span> 
     </span>
     <span class='ocr_line' id='line_1_18' title="bbox 442 3765 1984 3852; baseline 0.001 -25"><span class='ocrx_word' id='word_1_96' title='bbox 442 3786 686 3848; x_wconf 82' lang='lat' dir='ltr'><strong>aggere</strong></span> <span class='ocrx_word' id='word_1_97' title='bbox 713 3766 784 3828; x_wconf 92' lang='lat' dir='ltr'><strong>in</strong></span> <span class='ocrx_word' id='word_1_98' title='bbox 813 3768 1030 3851; x_wconf 90' lang='lat' dir='ltr'><strong>aprico</strong></span> <span class='ocrx_word' id='word_1_99' title='bbox 1061 3766 1348 3852; x_wconf 87' lang='lat' dir='ltr'><strong>spatiari,</strong></span> <span class='ocrx_word' id='word_1_100' title='bbox 1382 3788 1509 3852; x_wconf 92' lang='lat' dir='ltr'><strong>quo</strong></span> <span class='ocrx_word' id='word_1_101' title='bbox 1537 3765 1732 3829; x_wconf 87' lang='lat' dir='ltr'><strong>modo</strong></span> <span class='ocrx_word' id='word_1_102' title='bbox 1762 3765 1984 3829; x_wconf 87' lang='lat' dir='ltr'><strong>tristes</strong></span> 
     </span>
     <span class='ocr_line' id='line_1_19' title="bbox 441 3876 1969 3965; baseline 0.002 -27"><span class='ocrx_word' id='word_1_103' title='bbox 441 3876 606 3941; x_wconf 87' lang='lat' dir='ltr'><strong>albis</strong></span> <span class='ocrx_word' id='word_1_104' title='bbox 634 3878 978 3942; x_wconf 88' lang='lat' dir='ltr'><strong>informem</strong></span> <span class='ocrx_word' id='word_1_105' title='bbox 1007 3882 1391 3965; x_wconf 80' lang='lat' dir='ltr'><strong>spectabant</strong></span> <span class='ocrx_word' id='word_1_106' title='bbox 1419 3879 1672 3944; x_wconf 88' lang='lat' dir='ltr'><strong>ossibus</strong></span> <span class='ocrx_word' id='word_1_107' title='bbox 1701 3900 1969 3963; x_wconf 79' lang='lat' dir='ltr'><strong>agnm3</strong></span> 
     </span>
     <span class='ocr_line' id='line_1_20' title="bbox 444 3991 2144 4078; baseline 0.001 -25"><span class='ocrx_word' id='word_1_108' title='bbox 444 4010 590 4053; x_wconf 90' lang='lat' dir='ltr'><strong>cum</strong></span> <span class='ocrx_word' id='word_1_109' title='bbox 619 3991 781 4054; x_wconf 88' lang='lat' dir='ltr'><strong>mihi</strong></span> <span class='ocrx_word' id='word_1_110' title='bbox 808 4013 942 4056; x_wconf 94' lang='lat' dir='ltr'><strong>non</strong></span> <span class='ocrx_word' id='word_1_111' title='bbox 972 3999 1228 4057; x_wconf 88' lang='lat' dir='ltr'><strong>tantum</strong></span> <span class='ocrx_word' id='word_1_112' title='bbox 1255 3993 1559 4078; x_wconf 86' lang='lat' dir='ltr'><strong>furesque</strong></span> <span class='ocrx_word' id='word_1_113' title='bbox 1588 3994 1891 4076; x_wconf 87' lang='lat' dir='ltr'><strong>feraeque</strong></span> <span class='ocrx_word' id='word_1_114' title='bbox 1920 3998 2144 4055; x_wconf 84' lang='lat' dir='ltr'><strong>suetae</strong></span> 
     </span>
    </p>

    <p class='ocr_par' dir='ltr' id='par_1_5' title="bbox 1532 4126 1563 4169">
     <span class='ocr_line' id='line_1_21' title="bbox 1532 4126 1563 4169; baseline 0 0"><span class='ocrx_word' id='word_1_115' title='bbox 1532 4126 1563 4169; x_wconf 87' lang='lat' dir='ltr'><strong>s</strong></span> 
     </span>
    </p>
   </div>
   <div class='ocr_carea' id='block_1_5' title="bbox 2492 193 2613 258">
    <p class='ocr_par' dir='ltr' id='par_1_6' title="bbox 2492 193 2613 258">
     <span class='ocr_line' id='line_1_22' title="bbox 2492 193 2613 258; baseline -0.008 0"><span class='ocrx_word' id='word_1_116' title='bbox 2492 193 2613 258; x_wconf 85' lang='lat'><strong>257</strong></span> 
     </span>
    </p>
   </div>
   <div class='ocr_carea' id='block_1_6' title="bbox 2578 3788 2637 3835">
    <p class='ocr_par' dir='ltr' id='par_1_7' title="bbox 2578 3788 2637 3835">
     <span class='ocr_line' id='line_1_23' title="bbox 2578 3788 2637 3835; baseline 0 0"><span class='ocrx_word' id='word_1_117' title='bbox 2578 3788 2637 3835; x_wconf 71' lang='grc' dir='ltr'><strong>ις</strong></span> 
     </span>
    </p>
   </div>
  </div>
 </body>
</html>
