3109 4817
993 182 1429 248 EPODON
1498 185 1602 262 10,
1656 185 1730 248 11

649 2150 879 2238 E'PTI,
909 2160 1072 2224 nihil
1102 2183 1207 2224 me
1239 2160 1410 2225 sicut
1437 2167 1633 2224 antea
1664 2160 1850 2225 iuvat

488 2154 637 2352 Ρ
694 2274 980 2339 scribere
1009 2275 1366 2339 versiculos
1396 2296 1616 2337 amore
1647 2297 2026 2359 percussum
2057 2276 2268 2361 gravi,

468 2409 709 2466 amore,
743 2387 855 2473 qui
884 2409 989 2452 me
1020 2394 1282 2472 praeter
1311 2409 1538 2451 omnes
1570 2388 1824 2472 expetit

471 2501 776 2564 mollibus
803 2500 874 2564 in
903 2501 1123 2585 pueris
1152 2507 1267 2565 aut
1294 2500 1364 2563 in
1393 2500 1626 2586 puellis
1655 2522 1863 2565 urere.

467 2592 572 2678 hio
602 2614 838 2678 tertius
866 2613 1234 2692 december,
1267 2636 1351 2677 ex
1382 2635 1510 2699 quo
1539 2613 1768 2677 destiti

467 2727 738 2792 Inachia
764 2727 1000 2807 furere,
1034 2727 1215 2792 silvis
1244 2728 1558 2792 honorem
1588 2727 1859 2792 decutit.

468 2840 599 2904 heu
627 2861 757 2919 me,
788 2861 908 2924 per
935 2840 1189 2919 urbem,
1219 2863 1372 2904 nam
1401 2841 1610 2925 pudet
1637 2840 1807 2904 tanti
1835 2841 2011 2920 mali,

475 2953 693 3017 fabula
724 2959 969 3038 quanta
997 2953 1113 3032 fui,
1144 2953 1594 3017 conviviorum
1625 2959 1695 3016 et
1722 2953 2036 3037 paenitet,

477 3065 546 3128 in
577 3066 725 3151 quis
753 3073 1084 3130 amantem
1113 3066 1391 3150 languor
1420 3073 1489 3130 et
1517 3064 1850 3129 silentium

476 3180 697 3264 arguit
727 3186 796 3243 et
824 3180 1027 3243 latere
1056 3177 1304 3263 petitus
1331 3178 1464 3241 imo
1495 3176 1786 3263 spiritus.

481 3296 501 3324 ‘
520 3297 832 3355 contrane
863 3292 1116 3355 luorum
1144 3290 1238 3353 nil
1267 3292 1485 3354 valere
1515 3289 1863 3354 candidum

481 3404 786 3489 pauperis
815 3404 1155 3489 ingenium
1179 3405 1242 3467 ?’
1291 3404 1612 3488 querebar
1640 3403 1985 3488 adplorans
2015 3403 2159 3481 tibi,

480 3517 671 3580 simul
700 3517 972 3581 calentis
999 3516 1478 3580 inverecundus
1508 3517 1672 3580 deus

373 3682 380 3691 .
479 3630 826 3694 fervidiore
853 3652 1035 3694 mero
1064 3651 1297 3694 arcana
1323 3637 1658 3714 promorat
1683 3631 1846 3694 loco,

485 3746 503 3774 ‘
530 3742 763 3827 quodsi
790 3743 955 3806 meis
983 3744 1311 3806 inaestuet
1340 3741 1734 3826 praecordiis

437 3938 446 3947 Ο
485 3853 689 3917 libera
717 3854 890 3931 bilis,
923 3862 997 3917 ut
1026 3854 1183 3917 haec
1213 3853 1474 3938 ingrata
1501 3853 1719 3916 ventis
1747 3852 2000 3916 dividat

488 3966 775 4030 fomenta
803 3967 1041 4031 vulnus
1069 3967 1162 4030 nil
1192 3965 1432 4028 malum
1462 3965 1768 4042 levantia,

2325 180 2448 245 207

2420 3208 2483 3242 10
