3109 4817
623 198 743 259 164

1486 190 1926 255 HORATII

925 373 945 402 ‘
976 370 1172 447 cervi,
1204 369 1501 452 luporum
1533 367 1774 451 praeda
1803 365 2152 449 rapacium,

924 488 1243 544 sectamur
1272 481 1463 558 ultr0,
1498 502 1658 564 quos
1689 479 1941 563 opimus

929 594 1146 658 fallere
1177 601 1245 658 et
1274 595 1563 678 effugere
1595 599 1696 655 est
1727 590 2115 673 triumphus.

931 729 1117 792 gens,
1153 729 1315 793 quae
1346 713 1632 770 cremato
1661 703 1846 768 fortis
1876 702 1958 765 ab
1990 701 2114 764 Ilio

933 821 1170 883 iactata
1199 820 1426 884 Tuscis
1456 817 1844 903 aequoribus
1876 836 2057 878 sacra

936 940 1251 1018 natosque
1280 939 1696 1015 maturosque
1727 935 1944 1013 patres

937 1044 1207 1128 pertulit
1234 1044 1559 1107 Ausonias
1589 1043 1672 1106 ad
1699 1042 1916 1117 urbes,
2012 1116 2032 1140 0

941 1157 1118 1220 duris
1148 1166 1223 1219 ut
1249 1157 1379 1221 ilex
1411 1164 1600 1220 tonsa
1629 1153 2022 1238 bipennibus

942 1270 1167 1353 nigrae
1198 1269 1393 1332 feraci
1416 1268 1668 1335 frondis
1696 1267 1765 1330 in
1797 1264 2063 1350 Algido,

944 1403 1062 1465 per
1089 1381 1344 1459 damna,
1377 1403 1493 1466 per
1522 1380 1774 1457 caedes,
1807 1379 1889 1442 ab
1918 1378 2062 1461 ipso

947 1493 1127 1556 ducit
1156 1516 1312 1577 opes
1341 1494 1757 1578 animumque
1789 1492 1979 1555 ferm.

946 1627 1077 1668 non
1105 1607 1315 1690 hydra
1342 1615 1518 1670 secto
1550 1626 1818 1688 corpore
1848 1602 2091 1666 firmior

948 1718 1122 1781 vinci
1149 1719 1479 1782 dolentem
1509 1717 1719 1781 crevit
1737 1717 1805 1778 in
1837 1715 2212 1792 Herculem,

949 1839 1393 1895 monstrumve
1423 1831 1781 1894 submisere
1816 1827 2038 1893 Colchi

949 1943 1157 2007 maius
1186 1943 1620 2006 Echioniaeve
1648 1942 1931 2005 Thebae.

953 2077 1197 2119 merses
1226 2054 1570 2140 profunde,
1601 2053 1928 2140 pulchrior
1957 2051 2216 2128 evenit3

954 2167 1220 2246 luctere,
1250 2169 1456 2231 multa
1484 2174 1752 2252 proruet
1779 2166 2108 2250 integrum

955 2301 1102 2342 cum
1130 2279 1320 2344 laude
1351 2281 1689 2359 victorem,
1720 2286 2035 2365 geretque

954 2392 1198 2475 proelia
1226 2393 1613 2478 coniugibus
1640 2390 1985 2477 loquenda.

962 2502 1338 2591 Carthagini
1366 2507 1494 2569 iam
1525 2527 1657 2569 non
1688 2526 1813 2589 ego
1842 2501 2106 2567 nuntios

957 2618 1214 2681 mittam
1244 2619 1559 2704 superbos
1584 2644 1598 2681 :
1646 2615 1903 2693 occidit,
1936 2614 2173 2678 occidit

960 2751 1110 2814 spes
1141 2731 1349 2795 omnis
1380 2739 1448 2796 et
1475 2732 1735 2796 fortuna
1761 2727 1969 2792 nostri

958 2842 1239 2907 nominis
1275 2842 1685 2908 Hasdrubale
1713 2843 2128 2924 interempto,

961 2955 1053 3017 nil
1087 2954 1390 3021 Claudiae
1411 2978 1543 3020 non
1574 2953 1920 3041 perficiunt
1946 2974 2197 3030 manus,

966 3088 1124 3151 quas
1154 3074 1223 3132 et
1250 3069 1538 3155 benigno
1566 3068 1832 3131 numine
1863 3065 2161 3150 Iuppiter

965 3178 1259 3244 defendit
1288 3189 1356 3246 et
1384 3204 1574 3245 curae
1604 3201 1871 3266 sagaces

970 3294 1327 3377 expediunt
1354 3317 1471 3380 per
1499 3301 1690 3358 acuta
1717 3291 1926 3357 belli'.

2769 387 2824 433 50

2778 948 2832 994 55

2789 3204 2843 3251 75
