3109 4817
937 166 1690 234 EPISTULARUM
1760 169 1793 231 1
1867 170 1954 255 14

335 343 567 422 credis,
599 365 872 408 amoena
900 351 1094 409 vocat
1123 366 1379 408 mecum
1417 344 1528 429 qui
1558 344 1783 422 sentit,
1816 352 1885 408 et
1915 344 2056 408 odit

339 478 504 541 quae
533 464 608 521 tu
638 458 906 542 pulchra
933 465 1147 542 putas,
1249 458 1464 521 fornix
1494 456 1620 521 tibi
1650 464 1718 521 et
1746 464 1944 521 uncta
1973 457 2213 542 popina

335 568 663 634 incutiunt
693 570 872 635 urbis
902 570 1320 650 desiderium,
1350 570 1569 649 viden,
1603 577 1671 635 et
1702 570 1875 655 quod

335 684 614 768 angulus
643 684 770 749 iste
800 685 967 749 feret
995 686 1184 770 piper
1213 692 1282 750 et
1312 692 1419 749 tus
1450 685 1629 749 ocius
1661 707 1811 763 uva,

338 817 460 860 nec
489 797 707 861 vicina
736 798 967 862 subest
993 797 1223 862 vinum
1252 799 1566 882 praebere
1597 797 1870 860 taberna

336 930 503 993 quae
533 909 744 995 possit
773 911 918 989 tibi,
949 932 1071 974 nec
1102 910 1413 975 meretrix
1444 910 1737 987 tibicina,
1770 908 1953 972 cuius

334 1021 417 1084 ad
447 1023 796 1107 strepitum
828 1023 1018 1087 salias
1049 1030 1259 1086 terrae
1289 1021 1546 1107 gravis:
1603 1028 1672 1086 et
1699 1029 1919 1085 tamen
1950 1044 2146 1107 urges

333 1133 463 1196 iam
492 1134 749 1219 pridem
779 1157 914 1198 non
943 1141 1119 1198 tacta
1145 1136 1480 1220 ligonibus
1512 1156 1669 1198 arva
1696 1134 2064 1218 bovemque

334 1245 733 1310 disiunctum
762 1269 949 1311 curas
981 1254 1049 1311 et
1077 1246 1321 1312 strictis
1351 1247 1693 1310 frondibus
1724 1247 1987 1331 exples3

333 1357 519 1422 addit
550 1380 713 1444 opus
745 1359 934 1445 pigro
963 1359 1166 1436 rivuS,
1200 1359 1255 1424 si
1285 1359 1531 1423 decidit
1558 1359 1791 1437 imber,

333 1472 542 1534 multa
569 1472 740 1535 mole
770 1471 1102 1536 docendus
1132 1474 1350 1558 aprico
1381 1493 1645 1557 parcere
1674 1478 1884 1556 prat0.

335 1605 509 1646 nunc
540 1605 689 1668 age,
725 1583 881 1669 quid
909 1591 1206 1648 nostrum
1237 1591 1625 1648 concentum
1655 1583 1929 1661 dividat,
1960 1584 2133 1647 audi.

336 1718 528 1781 quem
560 1703 790 1761 tenues
820 1698 1095 1762 decuere
1127 1705 1322 1783 togae
1351 1696 1673 1782 nitidique
1703 1696 1939 1780 capilli,

336 1831 528 1893 quem
560 1809 686 1873 scis
716 1809 1052 1873 inmunem
1088 1808 1358 1874 Cinarae
1388 1808 1707 1894 placuisse
1736 1808 1976 1893 rapaci,

336 1943 529 2006 quem
560 1922 857 1987 bibulum
887 1922 1119 2007 liquidi
1148 1921 1364 1985 media
1392 1921 1474 1985 de
1502 1922 1647 1984 luce
1681 1921 1961 2000 Falerni,

333 2056 494 2098 cena
521 2034 744 2099 brevis
773 2035 958 2099 iuvat
987 2042 1056 2099 et
1085 2056 1288 2120 prope
1318 2034 1532 2098 rivum
1564 2054 1829 2097 somnus
1862 2034 1932 2097 in
1962 2035 2181 2098 herba.

332 2170 453 2212 nec
481 2148 713 2212 lusisse
743 2148 971 2233 pudet,
1004 2148 1119 2211 sed
1148 2169 1283 2212 non
1310 2146 1598 2210 incidere
1626 2145 1873 2209 ludum.

331 2281 462 2323 non
491 2259 640 2324 istic
672 2234 937 2344 obliquo
968 2260 1154 2323 oculo
1182 2282 1329 2323 mea
1357 2258 1697 2322 commoda
1727 2257 2071 2342 quisquam

334 2372 537 2450 limat,
568 2393 703 2435 non
734 2372 884 2435 odio
915 2372 1190 2436 obscuro
1220 2392 1569 2455 morsuque
1599 2376 1919 2434 venenat:

329 2483 552 2547 rident
580 2483 780 2548 vicini
808 2484 1076 2569 glaebas
1107 2492 1176 2548 et
1205 2507 1360 2548 saxa
1390 2489 1788 2549 moventem.

331 2619 477 2660 cum
507 2597 712 2662 servis
744 2599 993 2662 urbana
1020 2597 1225 2661 diaria
1252 2598 1480 2663 rodere
1512 2597 1720 2661 mavis
1746 2622 1765 2673 3

330 2709 560 2774 horum
590 2718 666 2774 tu
693 2712 763 2774 in
792 2733 1140 2775 numerum
1170 2719 1328 2777 voto
1355 2712 1527 2776 ruis:
1573 2710 1830 2776 invidet
1858 2733 2047 2775 usum

328 2821 654 2908 lignorum
684 2831 755 2887 et
783 2824 1039 2908 pecoris
1070 2822 1195 2889 tibi
1223 2826 1362 2889 calo
1391 2831 1666 2910 argutus
1698 2830 1766 2887 et
1794 2823 1989 2887 horti.

332 2941 516 3018 optat
544 2935 855 3020 ephippia
884 2936 1028 3015 bos,
1058 2936 1250 3022 piger
1278 2944 1464 3023 optat
1491 2958 1673 3000 arare
1704 2936 2009 3000 caballus.

334 3068 525 3130 quam
555 3048 681 3111 scit
711 3055 1009 3133 uterque,
1039 3048 1273 3128 libens,
1306 3049 1611 3127 censeb0,
1643 3054 1945 3112 exerceat
1971 3053 2197 3110 artem.

2416 168 2541 231 335

2472 373 2541 406 20

2476 1501 2541 1549 30

2472 2064 2533 2111 35

2468 2628 2537 2676 40
