3109 4817
975 200 1538 266 OARMINUM
1599 202 1710 265 III
1775 202 1852 266 16

747 384 987 461 quanto
1019 376 1290 462 quisque
1319 375 1445 440 sibi
1474 377 1660 460 plura
1687 376 2048 461 negaverit,

746 489 828 552 ab
858 489 958 552 dis
989 489 1175 574 plura
1199 489 1398 553 feret:
1443 488 1538 552 nil
1567 489 1965 574 cupientium

742 602 955 667 nudus
984 609 1195 667 castra
1223 610 1377 687 peto
1408 610 1476 667 et
1505 603 1842 689 transfuga
1869 602 2146 667 divitum

746 722 963 799 partes
990 716 1285 801 linquere
1315 715 1555 800 gestie,

742 834 1151 913 contemptae
1180 828 1479 893 dominus
1510 827 1908 913 splendidior
1935 828 2052 907 rei,

749 961 939 1023 quam
968 939 1025 1004 si
1055 939 1360 1025 quicquid
1388 946 1530 1004 arat
1556 940 1838 1025 impiger
1865 941 2119 1025 Apulus

747 1052 1067 1117 occultare
1094 1053 1257 1117 meis
1287 1053 1538 1118 dicerer
1564 1054 1836 1133 horreis,

746 1185 1015 1249 magnas
1043 1164 1215 1230 inter
1245 1187 1401 1250 opes
1428 1165 1642 1251 inops.

744 1297 940 1360 purae
968 1277 1148 1341 rivus
1177 1298 1381 1362 aquae
1411 1278 1702 1363 silvaque
1730 1277 2030 1362 iugerum

746 1410 1097 1472 paucorum
1126 1396 1195 1455 et
1222 1390 1467 1474 segetis
1495 1396 1675 1454 certa
1701 1390 1862 1453 fides
1890 1411 2072 1453 meae

746 1499 1106 1584 fulgentem
1134 1501 1408 1586 imperio
1437 1501 1668 1567 fertilis
1696 1501 1956 1565 Africae

748 1614 914 1678 fallit
941 1621 1116 1679 sorte
1145 1615 1415 1681 beatior.

752 1747 1139 1812 quamquam
1166 1749 1288 1791 nec
1322 1727 1632 1792 Calabrae
1662 1727 1855 1791 mella
1883 1726 2102 1791 ferunt
2128 1697 2306 1811 apes,

747 1859 869 1902 nec
900 1839 1371 1924 Laestrygonia
1398 1838 1693 1903 Bacchus
1721 1838 1791 1901 in
1821 1839 2133 1923 amphora

746 1950 1107 2036 languescit
1134 1951 1316 2030 mihi,
1345 1973 1468 2016 nec
1497 1950 1767 2036 pinguia
1797 1949 2055 2015 Gallicis

746 2069 1046 2127 crescunt
1072 2062 1314 2128 vellera
1342 2062 1622 2147 pascuis,

745 2173 1113 2259 importuna
1140 2180 1360 2239 tamen
1388 2174 1729 2260 pauperies
1757 2174 1965 2252 abest,

747 2307 889 2365 nec,
920 2286 976 2350 si
1005 2288 1191 2372 plura
1219 2286 1437 2365 velim,
1471 2294 1546 2351 tu
1575 2285 1728 2350 dare
1757 2286 2065 2371 deneges,

748 2405 1077 2463 contracto
1105 2399 1336 2464 melius
1366 2422 1567 2484 parva
1595 2397 1897 2484 cupidine

747 2510 1092 2596 vectigalia
1119 2511 1473 2596 porrigam,

751 2643 941 2706 quam
970 2623 1029 2686 si
1057 2623 1438 2709 Mygdoniis
1466 2644 1748 2708 regnum
1777 2621 2074 2705 Alyattei

749 2733 988 2819 campis
1019 2733 1413 2800 continuem.
1500 2736 1707 2798 multa
1735 2734 2112 2819 petentibus

748 2844 984 2911 desunt
1010 2849 1247 2913 multa:
1295 2849 1463 2913 bene
1494 2855 1619 2927 est,
1651 2847 1756 2913 cui
1785 2847 1945 2911 deus
1977 2846 2214 2932 optulit

752 2977 941 3040 parca
972 2959 1143 3044 quod
1174 2960 1331 3025 satis
1364 2969 1466 3026 est
1493 2982 1712 3024 manu.

2417 203 2533 266 131

2473 1980 2534 2028 35
