3109 4817
1094 28 2906 81 w-

1029 252 1155 317 DE
1225 253 1494 318 ARTE
1562 253 1873 319 POETI
1894 254 2019 319 CA

407 450 476 493 se
505 449 730 515 puero,
763 427 1119 513 castigator
1147 451 1506 515 censorque
1536 428 1881 493 minorum.

403 543 609 607 multa
637 541 858 606 ferunt
883 542 1038 605 anni
1067 542 1408 606 venientes
1437 542 1779 606 commoda
1806 564 2051 621 secum,

404 656 610 719 multa
639 655 1018 719 recedentes
1048 654 1380 720 adimunt:
1426 676 1511 718 ne
1540 655 1710 719 forte
1740 655 1978 719 seniles

404 768 798 832 mandentur
824 768 1050 833 iuveni
1081 774 1302 853 partes
1331 788 1666 853 pueroque
1694 768 1939 831 viriles.

404 902 660 965 semper
686 881 757 944 in
787 881 1112 944 adiunctis
1141 902 1434 966 aevoque
1463 880 1863 945 morabimur
1890 880 2087 965 aptis.

403 1001 519 1057 aut
545 994 766 1079 agitur
793 1016 898 1058 res
925 994 996 1057 in
1026 992 1276 1057 scaenis
1305 999 1421 1057 aut
1447 999 1596 1056 acta
1626 992 1928 1057 refertur.

405 1107 672 1192 segnius
701 1107 979 1171 inritant
1005 1106 1254 1170 animos
1284 1106 1569 1169 demissa.
1596 1126 1716 1189 per
1742 1126 1967 1168 aurem

405 1242 601 1305 quam
631 1241 794 1305 quae
825 1225 981 1283 sunt
1009 1220 1212 1283 oculis
1241 1218 1536 1283 subiecta
1563 1218 1867 1282 fidelibus
1896 1225 1966 1282 et
1996 1239 2161 1303 quae

401 1332 543 1416 ipse
574 1331 700 1395 sibi
728 1331 932 1396 tradit
959 1338 1306 1416 spectator.
1407 1353 1540 1394 non
1573 1338 1791 1394 tamen
1820 1330 1999 1395 intus

403 1445 608 1530 digna
634 1445 778 1529 geri
807 1466 1066 1529 promes
1094 1444 1164 1506 in
1193 1465 1514 1521 scaenam,
1545 1444 1881 1529 multaque
1911 1445 2100 1507 tolles

404 1578 488 1620 ex
518 1557 718 1621 oculis
750 1578 916 1641 quae
945 1577 1099 1619 mox
1127 1561 1351 1619 narret
1377 1556 1680 1620 facundia
1709 1578 2040 1640 praesens.

403 1691 488 1733 ne
519 1691 752 1753 pueros
783 1690 999 1733 coram
1029 1668 1270 1753 populo
1301 1668 1540 1732 Medea
1569 1668 1874 1745 trucidet,

403 1789 520 1846 aut
547 1782 829 1845 humana
857 1782 1068 1865 palam
1101 1787 1340 1865 coquat
1369 1787 1522 1844 exta
1547 1780 1833 1844 nefarius
1865 1782 2108 1844 Atreus
2111 1828 2129 1858 ,

401 1902 518 1959 aut
544 1894 614 1958 in
643 1916 832 1958 avem
865 1894 1114 1957 Procne
1143 1900 1460 1972 vertatur,
1498 1893 1781 1957 Cadmus
1808 1894 1879 1956 in
1908 1914 2213 1977 anguem.

407 2008 858 2093 quodcumque
891 2005 1180 2070 ostendis
1209 2006 1372 2069 mihi
1401 2007 1517 2083 sic,
1546 2006 1919 2070 incredulus
1949 2004 2080 2068 odi.

403 2142 571 2185 neve
599 2120 813 2183 minor
841 2142 972 2183 neu
1001 2118 1089 2184 sit
1118 2119 1348 2203 quinto
1376 2117 1755 2204 productior
1781 2123 1933 2181 actu

405 2234 622 2295 fabula
651 2254 814 2317 quae
844 2232 1023 2318 posci
1053 2233 1198 2296 vult
1226 2238 1296 2295 et
1323 2236 1618 2316 spectata
1645 2230 1893 2315 reponi.

402 2367 524 2409 nec
554 2345 715 2409 deus
744 2346 1026 2424 intersit,
1057 2345 1184 2409 nisi
1213 2344 1454 2430 dignus
1483 2341 1743 2407 vindice
1770 2344 1984 2408 nodus

400 2458 738 2523 inciderit:
786 2480 908 2521 nec
938 2465 1169 2544 quarta.
1196 2457 1374 2543 loqui
1401 2478 1680 2542 persona
1709 2456 1981 2521 laboret.

401 2572 640 2637 actoris
669 2572 872 2657 partis
902 2572 1137 2635 chorus
1167 2571 1575 2656 officiumque
1604 2570 1792 2635 virile

405 2685 736 2763 defendat,
767 2706 900 2749 neu
929 2683 1086 2769 quid
1115 2684 1368 2748 medios
1395 2683 1749 2748 intercinat
1776 2691 1961 2748 actus

406 2798 580 2884 quod
609 2819 741 2861 non
771 2797 1104 2881 proposito
1135 2797 1456 2861 conducat
1485 2804 1554 2861 et
1583 2797 1849 2861 haereat
1878 2804 2051 2882 apte.

403 2910 513 2974 ille
542 2910 734 2974 bonis
765 2910 1109 2993 faveatque
1141 2916 1210 2973 et
1236 2910 1615 2974 consilietur
1642 2909 1869 2987 amice,

407 3032 476 3087 et
502 3030 694 3107 regat
720 3024 943 3099 iratos,
977 3029 1046 3086 et
1071 3030 1252 3087 amet
1279 3044 1548 3107 peccare
1579 3022 1909 3099 timenteS,

403 3136 512 3199 ille
541 3136 744 3220 dapes
770 3134 995 3198 laudet
1021 3156 1283 3199 mensae
1318 3135 1561 3212 brevis,
1591 3135 1700 3200 ille
1730 3136 2055 3199 salubrem

405 3247 720 3312 iustitiam
749 3248 1060 3333 legesque
1091 3254 1160 3310 et
1188 3247 1430 3332 apertis
1460 3246 1594 3309 otia
1623 3246 1851 3330 portis,

406 3361 514 3425 ille
545 3367 730 3446 tegat
757 3361 1123 3437 commissa,
1152 3359 1440 3443 deosque
1472 3364 1776 3443 precetur
1804 3365 1874 3421 et
1902 3364 2047 3421 oret

409 3480 484 3537 ut
510 3474 738 3538 redeat
765 3472 1040 3551 miseris,
1071 3473 1266 3535 abeat
1293 3470 1553 3535 fortuna
1582 3470 1901 3555 superbis.

409 3586 571 3650 tibia
597 3606 730 3649 non
759 3592 835 3649 ut
861 3607 1036 3650 nunc
1064 3584 1384 3649 orichalco
1415 3583 1639 3647 vincta
1666 3582 1991 3667 tubaeque

412 3699 684 3776 aemula,
715 3699 832 3763 sed
863 3697 1078 3763 tenuis
1108 3698 1514 3781 simplexque
1544 3693 1861 3760 foramine
1891 3714 2096 3779 pauco

411 3810 738 3895 adspirare
768 3818 838 3875 et
869 3811 1096 3875 adesse
1125 3808 1336 3874 choris
1367 3816 1508 3873 erat
1533 3806 1715 3871 utilis
1742 3815 1941 3893 atque

412 3924 701 3987 nondum
731 3923 940 4009 spissa
967 3923 1164 3987 nimis
1189 3922 1516 4007 complere
1545 3920 1775 3985 sedilia
1803 3920 2000 3985 flatu:

415 4058 541 4119 quo
573 4058 726 4099 sane
756 4036 1034 4121 populus
1065 4033 1505 4111 numerabilis,
1541 4038 1772 4118 utpote
1803 4053 2066 4117 parvus,

2482 256 2608 321 375

2508 570 2604 618 ยน75

2508 1118 2605 1167 180

2506 1682 2599 1743 185

2508 2824 2601 2872 ฮน95

2506 3384 2606 3419 200
