3109 4817
562 251 688 316 346
1421 250 1874 314 HORATII

563 426 864 489 militiam
899 446 1066 510 puer
1102 431 1170 488 et
1204 424 1593 488 Cantabrica
1626 427 1799 490 bella
1833 427 2048 490 tulisti

562 540 687 601 sub
718 538 885 602 duce
919 538 1032 622 qui
1068 536 1331 621 templis
1362 536 1756 601 Parthorum
1787 539 1979 622 signa
2011 540 2232 625 refigit

562 674 761 729 nunc,
795 660 865 716 et
892 652 1111 737 siquid
1140 652 1330 715 abest
1358 651 1546 715 Italis
1576 651 1908 716 adiudicat
1937 653 2154 718 armis.

563 789 639 829 ac
673 787 757 829 ne
790 772 856 830 te
886 766 1177 830 retrahas
1208 772 1277 828 et
1309 765 1774 828 inexcusabilis
1805 765 2002 842 absiS,

568 878 867 964 quamvis
896 878 990 941 nil
1020 885 1207 942 extra
1234 900 1585 941 numerum
1615 878 1846 942 fecisse
1875 878 2278 964 modumque

566 1013 777 1070 curas,
807 990 1141 1054 interdum
1169 991 1442 1075 nugaris
1472 1013 1626 1054 rure
1655 997 1930 1075 paterno
1957 1016 1971 1053 z

569 1104 853 1188 partitur
882 1103 1111 1167 lintres
1149 1102 1500 1181 exercituS,
1536 1101 1734 1166 Actia
1762 1125 1990 1188 pugna

568 1225 635 1281 te
665 1217 832 1280 duce
864 1239 981 1301 per
1010 1237 1249 1300 pueros
1281 1215 1508 1280 hostili
1537 1237 1718 1280 more
1748 1216 2053 1293 refertur,

568 1329 982 1393 adversarius
1013 1336 1117 1392 est
1148 1329 1370 1405 frater,
1401 1329 1583 1392 lacus
1616 1328 1888 1407 Hadria,
1912 1329 2121 1392 donec

567 1443 960 1506 alterutrum
988 1442 1183 1504 velox
1212 1440 1489 1504 victoria
1516 1441 1748 1504 fronde
1779 1447 2070 1505 coronet.

568 1554 934 1619 consentire
966 1553 1102 1617 suis
1133 1553 1370 1616 studiis
1402 1553 1515 1637 qui
1546 1553 1898 1617 crediderit
1927 1560 2017 1632 te,

569 1669 785 1733 fautor
813 1675 1097 1753 utroque
1129 1675 1323 1731 tuum
1353 1666 1649 1731 laudabit
1679 1667 1909 1753 pollice
1939 1668 2194 1730 ludum.

570 1783 869 1867 protinus
904 1788 982 1844 ut
1012 1801 1313 1843 moneam
1357 1778 1601 1864 (siquid
1633 1780 1972 1844 monitoris
2005 1801 2162 1864 eges
2194 1779 2292 1857 tu)
2311 1828 2329 1856 ,

569 1894 728 1980 quid
758 1895 839 1958 de
872 1915 1133 1979 quoque
1162 1893 1306 1956 viro
1338 1898 1406 1956 et
1434 1892 1543 1956 cui
1572 1893 1772 1971 dicas,
1805 1915 1998 1977 saepe
2028 1892 2274 1956 videto,

567 2013 1089 2092 percontatorem
1117 2005 1333 2089 fugito
1357 2029 1375 2081 3
1428 2028 1583 2068 nam
1612 2006 1958 2091 garroulus
1987 2005 2164 2068 idem
2196 2012 2318 2083 est,

570 2143 691 2184 nec
719 2120 1009 2184 retinent
1036 2119 1300 2203 patulae
1331 2118 1680 2182 commissa
1705 2117 1986 2182 fideliter
2015 2139 2230 2196 auree,

571 2241 639 2296 et
673 2233 873 2296 semel
905 2231 1216 2296 emissum
1249 2232 1431 2295 volat
1458 2230 1897 2296 inrevocabile
1927 2230 2224 2295 verbum.

569 2368 701 2409 non
733 2345 965 2408 ancilla
1001 2353 1192 2408 tuum
1222 2345 1404 2407 iecur
1433 2345 1686 2408 ulceret
1714 2345 1849 2406 ulla
1878 2365 2128 2429 puerve

567 2459 742 2522 intra
768 2479 1203 2521 marmoreum
1231 2457 1588 2520 venerandi
1616 2457 1816 2520 limen
1847 2456 2060 2535 amici,

570 2593 654 2634 ue
684 2571 987 2634 dominus
1018 2569 1205 2653 pueri
1233 2570 1487 2654 pulchri
1518 2591 1791 2633 caraeve
1822 2570 2078 2654 puellae

572 2705 843 2747 munere
874 2691 941 2747 te
970 2704 1172 2766 parvo
1202 2683 1359 2746 beet
1388 2690 1501 2746 aut
1530 2682 1984 2746 incommodus
2019 2688 2243 2767 angat.

574 2797 832 2882 qualem
864 2796 1277 2860 commendes
1316 2795 1517 2859 etiam
1549 2803 1750 2881 atque
1783 2795 1979 2859 etiam
2010 2795 2250 2879 aspice,
2282 2816 2368 2858 ne
2397 2815 2552 2858 mox

570 2910 896 2973 incutiant
925 2909 1134 2972 aliena
1164 2908 1286 2971 tibi
1316 2916 1585 2992 peccata
1614 2909 1950 2994 pudorem.

571 3021 853 3086 fallimur
884 3029 951 3086 et
984 3023 1313 3107 quondam
1346 3044 1479 3084 non
1510 3021 1792 3106 dignum
1823 3021 2180 3085 tradimus:
2237 3042 2395 3105 ergo

574 3157 770 3220 quem
802 3159 921 3200 sua
950 3137 1143 3220 culpa
1172 3143 1449 3219 premet,
1482 3135 1799 3219 deceptus
1831 3135 2061 3197 omitte
2099 3133 2294 3211 tueri,

569 3255 649 3311 ut
677 3248 941 3332 penitus
969 3256 1200 3312 notum
1230 3249 1287 3312 si
1317 3254 1647 3332 temptent
1679 3246 1970 3320 crimina,
2004 3267 2224 3310 serves

572 3363 938 3446 tuterisque
970 3369 1083 3425 tuo
1114 3362 1429 3426 fidentem
1460 3360 1822 3445 praesidio:
1881 3359 1992 3444 qui

569 3477 768 3539 dente
799 3475 1135 3539 Theonino
1165 3497 1315 3538 cum
1346 3473 1865 3552 circumroditur,
1899 3473 2130 3558 ecquid

569 3589 653 3652 ad
684 3597 751 3652 te
782 3597 933 3673 post
963 3589 1154 3674 paulo
1186 3594 1467 3652 ventura
1496 3587 1784 3670 pericula
1814 3587 2018 3650 sentis
2046 3588 2072 3650 ?

569 3724 723 3765 nam
755 3709 868 3765 tua
895 3723 999 3765 res
1030 3702 1271 3786 agitur,
1311 3702 1523 3786 paries
1556 3723 1706 3764 cum
1735 3701 2072 3786 proximus
2103 3701 2315 3779 ardet,

571 3823 639 3879 et
666 3815 968 3899 neglecta
998 3816 1212 3878 solent
1238 3814 1543 3878 incendia
1573 3835 1830 3877 sumere
1861 3813 2057 3877 vires,

571 3927 779 3990 dulcis
808 3927 1170 4010 inexpertis
1202 3928 1456 3991 cultura
1484 3926 1776 4011 potentis
1807 3925 2033 3989 amici:

570 4047 878 4124 expertus
913 4039 1171 4104 metuit.
1277 4047 1372 4117 tu,
1410 4040 1568 4103 dum
1605 4047 1718 4103 tua
1747 4040 1933 4103 navis
1963 4039 2032 4104 in
2068 4040 2201 4102 alto
2233 4046 2354 4116 est,

2723 460 2790 506 55

2715 1007 2792 1054 60

2714 2148 2780 2193 70

2712 2712 2776 2759 75

2718 3263 2783 3309 80
