3109 4817
954 192 1725 259 EPISTULARUM
1790 195 1826 257 I
1892 196 1954 274 2,
1996 196 2034 258 3
2464 197 2588 261 313

1381 1829 1494 1892 III

508 2045 668 2111 ULI
702 2046 913 2125 Flore,
947 2046 1186 2131 quibus
1217 2051 1538 2110 terrarum
1569 2046 1809 2111 mffitet,
1836 2046 1965 2111 oris

555 2157 866 2223 Claudius
896 2158 1191 2243 Augusti
1221 2158 1593 2244 privignus,
1625 2160 1789 2223 scire
1818 2161 2065 2223 laboro,

381 2270 712 2335 Thracane
729 2293 860 2336 ·vos
889 2270 1288 2357 Hebrusque
1316 2270 1518 2335 nivali
1549 2272 1868 2357 compede
1897 2271 2183 2350 vinctuS,

381 2404 464 2446 au
494 2384 661 2448 freta
688 2384 937 2448 vicinas
964 2383 1141 2447 inter
1169 2383 1496 2447 currentia
1525 2391 1765 2463 turreS‚

380 2518 463 2559 an
491 2497 772 2582 pingues
800 2497 998 2560 Asiae
1029 2498 1242 2582 campi
1271 2497 1599 2583 collesque
1629 2504 1969 2562 morantur
1994 2499 2022 2561 Ρ
2557 2529 2580 2576 5

382 2609 536 2694 quid
567 2610 858 2674 shudiosa
887 2609 1118 2673 cohors
1149 2631 1423 2695 operum
1453 2610 1705 2675 struit?
1752 2611 1877 2676 hoc
1911 2633 2170 2697 quoque
2201 2635 2377 2677 curo,

380 2721 524 2805 quis
553 2720 681 2786 sibi
708 2742 814 2785 res
842 2728 1065 2806 gestas
1093 2723 1389 2807 Augusti
1419 2724 1701 2787 scribere
1733 2725 1983 2789 sumit?

378 2833 547 2897 bella
576 2834 721 2919 quis
756 2840 826 2898 et
852 2856 1045 2918 paces
1072 2836 1344 2920 longum
1373 2835 1690 2900 diffundit
1716 2837 1785 2900 in
1816 2839 2101 2902 aevum?

381 2945 538 3029 quid
566 2946 802 3024 Titius,
834 2946 1130 3009 Romana
1158 2948 1344 3011 brevi
1372 2954 1690 3011 venturus
1718 2949 1788 3011 in
1819 2951 1981 3014 ora?

381 3056 708 3121 Pindarici
736 3058 936 3121 fontis
968 3058 1079 3143 qui
1107 3080 1241 3122 non
1271 3060 1586 3144 expalluit
1614 3060 1911 3138 haustus,
2522 3092 2584 3125 10

380 3169 673 3234 fastidire
701 3171 882 3233 lacus
911 3177 981 3234 et
1007 3170 1185 3235 rivos
1214 3193 1414 3235 ausus
1444 3177 1727 3255 apertos.

378 3288 456 3344 ut
482 3283 708 3347 valet?
757 3289 833 3347 ut
863 3282 1162 3346 meminit
1189 3281 1448 3350 nostri?
1495 3283 1820 3346 fidibusne
1851 3281 2104 3346 Latinis

381 3392 723 3459 Thebanos
751 3402 977 3481 aptare
1014 3395 1243 3458 modos
1273 3394 1500 3459 studet
1527 3395 1789 3478 auspice
1820 3417 2026 3473 musa,

380 3527 464 3568 an
493 3507 744 3592 tragica
773 3508 1069 3573 desaevit
1097 3514 1166 3571 et
1193 3508 1590 3591 ampullatur
1618 3507 1686 3569 in
1716 3508 1907 3570 arte?

383 3620 539 3705 quid
567 3622 730 3685 mihi
763 3621 989 3686 Celsus
1017 3621 1207 3707 agit?
1256 3620 1544 3684 monitus
1573 3620 1989 3705 multumque
2024 3620 2413 3699 monendus,
2521 3651 2540 3684 ι
2555 3650 2581 3699 5

381 3732 668 3816 privatas
697 3740 777 3799 ut
806 3740 1075 3819 quaerat
1105 3755 1261 3818 opes
1293 3740 1362 3796 et
1390 3740 1663 3818 tangere
1692 3732 1863 3797 vitet

383 3844 643 3929 scripta,
674 3845 1010 3911 Palatinus
1041 3866 1494 3931 quaecumque
1522 3844 1774 3930 recepit
1801 3845 2060 3931 Apollo,

382 3976 485 4034 ne,
517 3958 572 4020 si
602 3958 770 4022 forte
801 3981 951 4023 suas
980 3957 1335 4043 repetitum
1364 3957 1621 4021 venerit
1650 3958 1803 4020 olim
