3109 4817
1096 253 1510 320 EPODON
1579 256 1653 320 17

689 424 934 491 inultus
965 436 1040 492 ut
1070 435 1145 492 tu
1172 430 1392 494 riseris
1427 429 1720 514 Cotyttia

690 540 978 625 vulgata,
1016 564 1270 606 sacrum
1299 542 1489 607 liberi
1522 543 1883 628 Cupidinis,

689 659 757 716 et
785 652 1108 738 Esquilini
1141 655 1438 740 pontifex
1467 656 1745 720 venefici

685 764 951 849 impune
981 773 1057 830 ut
1085 769 1314 831 urbem
1349 768 1612 832 nomine
1641 767 1932 853 impleris
1960 771 2156 833 meo?

693 877 848 962 quid
878 879 1185 964 proderat
1212 881 1456 945 ditasse
1487 881 1835 966 Paelignas
1863 903 2026 946 anus

689 992 1059 1056 velociusve
1088 993 1425 1057 miscuisse
1456 994 1796 1058 toxicum?

687 1103 803 1166 sed
834 1104 1119 1168 tardiora
1147 1106 1282 1170 fata
1312 1114 1380 1170 te
1410 1107 1585 1170 votis
1615 1113 1920 1170 manent:

687 1216 946 1319 ingrata
973 1217 1211 1282 misero
1241 1219 1379 1283 vita
1407 1218 1706 1283 ducenda
1736 1226 1839 1283 est
1865 1219 1934 1282 in
1964 1219 2108 1298 hoc,

682 1329 871 1393 novis
900 1337 976 1393 ut
1004 1353 1211 1416 usque
1241 1339 1549 1416 suppetas
1581 1332 1932 1397 laboribus,

686 1447 870 1525 optat
905 1443 1193 1528 quietem
1225 1444 1485 1528 Pelopis
1514 1444 1700 1508 infidi
1730 1452 1938 1529 pater,

686 1574 890 1638 egens
919 1556 1245 1641 benignae
1276 1557 1586 1620 Tantalus
1617 1578 1876 1641 semper
1904 1558 2112 1642 dapis,

684 1675 869 1750 optat
899 1668 1327 1734 Prometheus
1359 1669 1687 1755 obligatus
1716 1670 1878 1749 aliti,

684 1787 870 1863 optat
897 1803 1199 1865 supremo
1229 1784 1564 1846 conlocare
1600 1783 1918 1867 Sisyphus

685 1891 753 1954 in
782 1901 1006 1958 monte
1037 1917 1303 1960 saxum:
1351 1896 1465 1959 sed
1496 1902 1729 1960 vetant
1757 1897 1939 1981 leges
1970 1897 2170 1962 Iovis.

684 2005 864 2068 voles
894 2007 1088 2071 modo
1117 2009 1266 2073 altis
1297 2008 1559 2072 desilire
1590 2009 1903 2086 turribus,

683 2117 877 2180 modo
906 2139 1062 2183 ense
1091 2128 1320 2205 pectus
1349 2120 1592 2185 Norico
1620 2121 1976 2200 recludere,

683 2229 1049 2317 &usti-aque
1078 2234 1294 2298 vincla
1322 2234 1576 2319 gutturi
1604 2240 1829 2297 nectes
1860 2240 1974 2296 tuo

683 2343 1016 2410 fastidiosa
1045 2347 1251 2412 tristis
1281 2348 1701 2433 aegrimonia.

679 2459 990 2522 vectabor
1019 2460 1258 2524 umeris
1289 2467 1445 2524 tunc
1477 2481 1604 2544 ego
1633 2459 1911 2522 inimicis
1947 2480 2168 2544 eques,

680 2590 991 2655 meaeque
1023 2578 1196 2635 terra
1224 2573 1414 2636 cedet
1446 2570 1851 2635 insolentiae.

605 2724 616 2732 ,
678 2702 761 2744 an
794 2703 958 2767 quae
987 2705 1249 2748 movere
1280 2707 1498 2750 cereas
1525 2683 1869 2769 imagineS,

683 2801 756 2858 ut
782 2794 923 2879 ipse
951 2799 1127 2861 nosti
1156 2798 1469 2877 curiosus,
1502 2805 1572 2862 et
1599 2799 1749 2884 polo

681 2906 994 2992 deripere·
1005 2911 1225 2974 lunam
1253 2912 1524 2975 vocibus
1554 2910 1798 2995 possim
1827 2910 2013 2989 meiS,

679 3020 919 3101 possim
950 3030 1267 3087 crematos
1298 3023 1582 3088 excitare
1610 3029 1901 3086 mortuos

681 3131 1087 3219 desiderique
1117 3142 1480 3220 temperare
1508 3136 1760 3221 pocula,

683 3245 926 3327 plorem
957 3247 1115 3312 artis
1144 3249 1212 3311 in
1244 3255 1311 3312 te
1339 3249 1433 3311 nil
1462 3248 1720 3333 agentis
1751 3247 1965 3310 exitus
1988 3248 2049 3310 Ρ

2373 257 2494 319 221

2420 2040 2483 2084 70

2417 2604 2482 2652 75

2415 3156 2480 3202 80
