3109 4817
998 205 1749 273 EPISTULARUM
1815 210 1851 273 I
1922 211 1954 273 1

382 380 837 466 excipiantque
867 403 1055 446 senes
1087 404 1248 467 quos
1276 382 1346 446 in
1374 382 1623 448 vivaria
1650 384 1958 462 mittant;

377 491 602 557 multis
631 494 884 557 occulto
913 495 1148 559 crescit
1175 516 1280 559 res
1315 496 1597 561 faenore.
1707 518 1936 561 verum

378 608 520 669 esto
548 606 690 671 aliis
718 607 879 671 alios
908 608 1104 671 rebus
1133 608 1498 694 studiisque
1529 610 1774 673 teneri:

374 718 548 782 idem
579 720 809 785 eadem
838 728 1114 805 possunt
1140 720 1368 785 horam
1396 722 1630 785 durare
1660 722 2013 807 probantes
2042 724 2070 787 ἲ

379 836 400 866 ‘
422 833 640 897 nullus
669 832 737 896 in
770 833 924 898 orbe
955 834 1133 898 sinus
1163 834 1315 898 Bais
1345 835 1676 920 praelucet
1704 834 2021 899 amoenis’

378 945 434 1009 si
463 945 633 1010 dixit
659 945 869 1025 dives,
898 947 1074 1011 lacus
1105 953 1173 1009 et
1200 969 1377 1010 mare
1408 947 1612 1011 sentit
1638 968 1924 1011 amorem

378 1058 748 1123 festinantis
779 1059 909 1122 eri:
957 1059 1061 1123 oui
1091 1060 1148 1123 si
1175 1059 1412 1123 vitiosa
1440 1057 1645 1123 libido

376 1169 604 1235 fecerit
631 1172 1010 1257 auspicium,
1043 1194 1184 1236 cras
1213 1171 1605 1236 ferramenta
1632 1171 1925 1237 Teanum

374 1282 640 1361 tolletis,
670 1283 857 1348 fabri.
959 1284 1166 1347 lectus
1195 1284 1469 1369 genialis
1495 1284 1566 1348 in
1594 1286 1745 1347 aula
1772 1292 1909 1349 est:

374 1396 466 1458 nil
495 1396 590 1459 ait
618 1418 762 1460 esse
790 1396 991 1481 prius,
1021 1396 1252 1461 melius
1280 1396 1376 1460 nil
1405 1397 1649 1461 caelibe
1679 1397 1855 1462 vita:

376 1509 593 1572 sinon
623 1516 746 1587 est,
776 1510 948 1573 iurat
975 1510 1144 1574 bene
1173 1510 1327 1574 solis
1357 1531 1500 1575 esse
1527 1510 1801 1575 maritis.

375 1643 504 1707 quo
535 1628 792 1687 teneam
820 1622 1042 1687 vultus
1071 1628 1432 1686 mutantem
1463 1620 1701 1687 Protea
1728 1622 1951 1686 nodo?

375 1724 865 1826 quidhiauper?
909 1734 1086 1800 ride:
1134 1741 1346 1799 mutat
1373 1735 1699 1813 cenacula,
1729 1735 1955 1813 lectos,

373 1848 626 1926 balnea,
659 1854 978 1926 tonsores,
1009 1848 1330 1912 conducto
1357 1846 1624 1931 navigio
1654 1869 1861 1933 aeque

369 1966 645 2024 nauseat
673 1982 747 2023 ac
775 1960 1066 2046 locuples
1098 1983 1291 2046 quem
1319 1959 1504 2024 ducit
1531 1960 1719 2045 priva
1750 1960 2051 2024 triremis

373 2072 430 2136 si
459 2079 720 2137 curatus
748 2072 1072 2158 inaequali
1101 2079 1362 2136 tonsore
1392 2072 1657 2157 capillos

372 2185 645 2264 occurri,
675 2185 888 2262 rides;
936 2184 992 2249 si
1019 2186 1188 2249 forte
1217 2185 1532 2249 subucula
1560 2205 1765 2269 pexae

373 2298 530 2361 trita
558 2297 786 2361 subest
813 2297 1073 2362 tunicae
1102 2298 1209 2362 vel
1238 2297 1295 2361 81
1322 2303 1482 2381 toga
1509 2295 1785 2361 dissidet
1811 2296 2020 2381 inpar,

370 2410 578 2475 rides:
628 2411 807 2496 quid,
837 2432 984 2475 mea
1011 2432 1160 2475 cum
1189 2416 1442 2495 pugnat
1469 2410 1795 2474 sententia
1822 2431 2065 2488 secum,

373 2524 546 2609 quod
575 2524 768 2608 petiit
796 2523 1067 2607 spernit,
1096 2523 1339 2607 repetit
1369 2522 1540 2608 quod
1570 2543 1780 2607 nuper
1809 2522 2050 2601 omisit,

369 2642 624 2701 aestuat
653 2643 723 2701 et
749 2635 925 2701 vitae
954 2635 1363 2701 disconvenit
1392 2634 1617 2699 ordine
1646 2641 1809 2714 tot0,

371 2749 593 2828 diruit,
623 2749 943 2827 aedificat,
974 2754 1186 2813 mutat
1213 2748 1527 2834 quadrata
1553 2747 1902 2812 rotundis?

370 2862 653 2927 insanire
683 2867 874 2947 putas
904 2860 1240 2925 sollemnia
1267 2882 1372 2924 me
1400 2882 1615 2947 neque
1643 2861 1818 2926 rides
1821 2910 1841 2940 ,

367 2997 489 3040 nec
516 2974 753 3039 medici
781 2972 992 3038 credis
1019 2982 1141 3037 nec
1170 2971 1482 3037 curatoris
1513 2994 1709 3058 egere

369 3110 410 3151 a
436 3094 736 3173 praetore
764 3086 923 3165 dati,
951 3108 1168 3149 rerum
1199 3086 1404 3149 tutela
1430 3107 1721 3150 mearum

368 3222 516 3264 cum
545 3200 634 3265 sis
665 3206 732 3263 et
760 3221 959 3284 prave
987 3205 1238 3263 sectum
1267 3195 1687 3261 stomacheris
1718 3197 1803 3259 ob
1832 3215 2121 3281 unguem

367 3313 450 3379 de
479 3320 548 3377 te
575 3311 944 3397 pendentia,
976 3318 1043 3375 te
1069 3308 1476 3394 respicientis
1504 3307 1715 3371 amici.

366 3425 450 3488 ad
480 3446 820 3503 summam,
851 3422 1109 3508 sapiens
1137 3442 1269 3483 uno
1297 3419 1510 3482 minor
1537 3425 1639 3483 est
1667 3418 1849 3498 Iove,
1880 3419 2087 3496 dives,

363 3536 550 3615 liber,
580 3536 957 3615 honoratus,
987 3532 1276 3620 pulcher,
1305 3552 1423 3595 rex
1452 3529 1733 3615 denique
1761 3552 2015 3615 regum,

367 3648 711 3733 praecipue
741 3668 957 3725 sanus,
986 3644 1115 3723 nisi
1143 3665 1294 3708 cum
1325 3642 1564 3728 pituita
1590 3642 1864 3706 molesta
1893 3648 2015 3707 est.

2444 211 2569 276 309

2508 516 2572 563 80

2499 1652 2567 1703 90

2496 2212 2563 2264 95

2465 2778 2563 2813 100

2462 3336 2558 3387 ¹05
