3109 4817
1082 191 1676 259 SERMONUM
1745 193 1780 254 I
1849 193 1888 255 6
2503 191 2624 254 251

519 393 653 436 non
686 391 995 456 umquam
1025 368 1236 454 pretio
1266 369 1469 452 pluris
1498 368 1782 446 licuisse,
1813 373 2085 430 notante

519 484 731 548 iudice
764 505 893 570 quo
922 482 1099 546 nosti
1130 482 1394 566 popu10,
1427 480 1539 566 qui
1570 481 1810 544 stultus
1839 480 2118 544 honores
2567 509 2626 557 ις

520 619 713 682 saepe
743 597 860 660 dat
886 594 1180 678 indignis
1211 601 1280 657 et
1309 595 1517 658 famae
1548 593 1756 657 servit
1782 591 2069 676 ineptus,

518 709 631 795 qui
660 714 887 793 stupet
914 708 984 771 in
1014 706 1227 771 titulis
1255 713 1325 770 et
1351 705 1776 791 imaginibus.
1881 705 2039 790 quid
2068 711 2330 789 oportet

516 843 638 885 nos
668 822 881 886 facere
910 843 950 884 a
976 821 1183 905 vulgo
1214 819 1413 905 longe
1441 818 1768 904 longeque
1799 825 2084 883 remotos
2111 819 2139 881 ἲ

518 955 800 1019 namque
832 940 997 1012 estc,
1028 933 1307 1018 populus
1340 931 1630 995 Laevino
1659 931 1884 995 mallet
1911 931 2224 994 honorem

520 1069 715 1131 quam
747 1045 949 1110 Decio
978 1044 1287 1108 mandare
1316 1066 1513 1122 nOVO‚
1544 1065 1905 1129 censorque
1934 1051 2230 1108 moveret
2559 1071 2626 1107 ιο

515 1159 797 1243 Appius,
826 1157 1117 1243 ingenuo
1149 1158 1205 1221 si
1232 1178 1367 1220 non
1398 1178 1609 1221 essem
1640 1162 1826 1241 patre
1853 1163 2088 1220 natus:

515 1271 624 1335 vel
651 1270 909 1349 meritc,
941 1270 1249 1356 quoniam
1277 1269 1347 1332 in
1377 1269 1641 1354 propria
1666 1291 1800 1332 non
1829 1269 1999 1354 pelle
2031 1270 2375 1355 quiessem.

517 1383 633 1446 sed
662 1381 958 1468 fulgente
990 1367 1191 1448 trahit
1219 1367 1607 1446 constrictos
1637 1362 1846 1466 gloria
1873 1403 2068 1445 curru

516 1517 649 1559 non
680 1495 895 1560 minus
922 1495 1189 1580 ignotos
1219 1495 1578 1580 generosis,
1683 1516 1811 1580 quo
1841 1494 1994 1573 tibi‚·
2023 1493 2194 1572 Tilli,

516 1630 773 1673 sumere
802 1608 1176 1693 depositum
1206 1608 1464 1671 clavum
1491 1607 1763 1693 fierique
1793 1607 2107 1671 tribuno?
2557 1637 2586 1668 2
2596 1635 2622 1684 ς

514 1720 763 1785 invidia.
789 1721 1095 1798 accrevit,
1128 1721 1385 1805 privato
1418 1742 1582 1805 quae
1613 1696 1828 1784 minor
1855 1726 2050 1784 esset.

514 1856 665 1897 nam
696 1840 773 1898 ut
803 1832 1078 1920 quisque
1106 1833 1375 1897 insanus
1402 1833 1612 1917 nigris
1641 1831 1931 1896 medium
1959 1832 2262 1917 impediit
2289 1854 2437 1896 crus

516 1946 794 2030 pellibus
824 1953 895 2010 et
920 1947 1128 2010 latum
1156 1945 1421 2010 demisit
1448 1951 1714 2030 pectore
1743 1945 2022 2023 clavum,

514 2059 698 2124 audit
728 2059 1037 2124 continuo
1071 2064 1090 2092 ‘
1113 2058 1257 2144 quis
1285 2058 1482 2122 homo
1512 2057 1619 2121 hic
1648 2065 1764 2122 aut
1793 2079 1923 2144 quo
1951 2064 2138 2142 patre
2165 2064 2360 2122 natus
2383 2057 2446 2122 Ρ

516 2180 592 2235 ut
619 2171 789 2258 siqui
817 2177 1118 2257 aegrotet
1149 2193 1277 2257 quo
1306 2172 1535 2235 morbo
1564 2171 1828 2249 Barrus,
1856 2171 2084 2235 haberi
2111 2243 2124 2254 ,
2558 2199 2622 2246 30

514 2291 584 2348 et
612 2285 832 2369 cupiat
860 2284 1203 2362 formosus,
1237 2291 1345 2348 eat
1374 2306 1805 2370 quacumque,
1838 2283 2069 2367 puellis

514 2396 739 2461 iniciat
765 2419 985 2460 curam
1016 2397 1371 2483 quaerendi
1399 2397 1495 2460 sin
1502 2397 1680 2480 gula,
1713 2397 1889 2482 quali

515 2511 603 2574 sit
628 2508 813 2589 facie,
844 2532 1015 2588 sura,
1050 2510 1225 2596 quali
1253 2509 1443 2594 pede,
1476 2508 1698 2588 dente,
1730 2509 2000 2594 capill05

514 2622 607 2685 sic
638 2623 749 2708 qui
776 2622 1126 2707 promittit,
1158 2623 1357 2701 cives,
1388 2623 1620 2686 urbem
1651 2622 1778 2686 sibi
1806 2645 2020 2702 curae,

511 2735 857 2820 imperium
886 2736 1023 2798 fore
1055 2741 1123 2799 et
1152 2734 1434 2814 Italiam,
1466 2735 1738 2799 delubra
1765 2735 2061 2815 deorum,
2557 2765 2618 2814 35

516 2869 643 2933 quo
673 2854 859 2932 patre
891 2847 978 2911 sit
1006 2854 1221 2926 natus,
1252 2870 1412 2911 num
1440 2847 1672 2933 ignota
1698 2855 1906 2912 matre
1933 2849 2338 2928 inhonestus,

507 2981 731 3023 omnes
760 2961 1067 3024 mortales
1096 2981 1321 3025 curare
1352 2967 1421 3024 et
1452 2981 1762 3046 quaerere
1793 2961 1994 3045 cogit.

514 3077 535 3106 ‘
553 3079 734 3152 tune,
769 3072 939 3156 Syri,
972 3073 1241 3150 Damae,
1272 3079 1387 3136 aut
1418 3071 1696 3158 Dionysi
1723 3073 1916 3152 filius,
1947 3074 2148 3138 audes

508 3184 760 3249 deicere
790 3207 827 3248 e
858 3207 1015 3249 saxo
1045 3185 1223 3250 cives
1252 3191 1368 3249 aut
1397 3185 1655 3250 tradere
1690 3185 1934 3250 Cadmo
1961 3187 2026 3250 ’.θ’

514 3302 619 3360 ‘at
644 3295 901 3362 Novius
930 3299 1182 3383 collega
1209 3298 1421 3383 gradu
1448 3305 1602 3382 post
1630 3320 1735 3362 me
1765 3298 1955 3362 sedet
1983 3321 2148 3363 uno:
2546 3329 2616 3376 40

512 3431 793 3497 namque
825 3416 929 3474 est
954 3410 1087 3490 ille,
1122 3417 1311 3495 pater
1341 3411 1516 3496 quod
1548 3417 1690 3474 erat
1716 3412 1954 3476 meus’.
2033 3416 2053 3447 ‘
2072 3412 2196 3477 hoc
2225 3412 2350 3476 tibi
2379 3412 2618 3477 Paulus

512 3530 582 3587 et
610 3523 895 3588 Messala,
923 3523 1216 3588 videris?
1270 3531 1341 3588 at
1368 3524 1498 3602 hic,
1530 3523 1588 3587 si
1618 3525 1866 3607 plostra
1893 3525 2176 3589 ducenta

505 3642 1019 3722 concurrantque
1048 3636 1187 3700 foro
1218 3635 1345 3700 tria
1372 3637 1621 3715 funera,
1653 3659 1895 3721 magna
1925 3636 2206 3715 sonabit,

510 3771 750 3812 cornua.
779 3749 955 3835 quod
983 3749 1335 3834 vincatque
1364 3749 1595 3813 tubas:
1645 3749 1876 3813 saltem
1907 3755 2090 3813 tenet
2118 3749 2242 3812 hoc
2269 3751 2420 3812 nos’
2429 3798 2442 3812 .

510 3883 683 3925 nunc
711 3861 796 3925 ed
824 3883 931 3925 me
958 3861 1157 3926 redeo
1186 3861 1492 3925 libertino
1523 3867 1710 3944 patre
1738 3868 1986 3940 natum,
2546 3889 2612 3938 45

514 3995 706 4058 quem
735 3975 978 4047 rodunt
1006 3996 1231 4038 omnes
1262 3972 1568 4037 libertino
1599 3981 1784 4058 patre
1812 3981 2061 4052 natum,
