3109 4817
548 190 676 252 304
1422 187 1864 274 HORATH

546 363 905 427 monstravi
935 362 1284 447 incoquere
1308 388 1325 438 ;
1378 363 1623 426 inlutos
1659 361 1968 426 Curtillus
2001 364 2289 444 echinOS,

546 482 621 539 ut
648 474 880 539 melius
910 475 1119 538 muria
1151 475 1322 560 quod
1355 481 1526 539 testa
1554 474 1805 538 marina
1837 475 2206 542 remittat”.

543 589 794 652 interea
824 610 1139 672 suspensa
1168 610 1404 672 graves
1434 589 1660 651 aulaea
1688 588 1907 651 ruinas

541 702 610 764 in
640 701 933 786 patinam
965 702 1199 779 fecere,
1231 701 1560 764 trahentia
1589 702 1874 786 pulveris
1905 703 2030 764 atri

544 821 857 898 quantum
889 836 1023 877 non
1052 814 1266 898 aquilo
1304 813 1649 898 Campanis
1680 815 1926 878 excitat
1953 815 2150 900 agris.

539 948 660 989 nos
691 927 898 991 maius
926 927 1143 1005 veriti,
1176 933 1523 1012 postquam
1550 927 1716 990 nihil
1746 949 1888 992 esse
1919 929 2143 1012 pericli

541 1038 882 1117 sensimuS‚
916 1039 1259 1124 erigimur:
1308 1040 1518 1103 Rufus
1549 1041 1764 1124 posito
1794 1041 2029 1124 capite,
2060 1048 2136 1104 ut
2166 1043 2220 1104 si

538 1151 707 1214 filius
736 1151 1099 1216 inmaturus
1131 1153 1398 1230 obisset,
1431 1153 1609 1219 flere.
1720 1153 1866 1237 quis
1899 1160 2073 1216 esset

536 1265 733 1329 finis?
787 1265 856 1329 ni
886 1266 1143 1349 sapiens
1176 1266 1267 1330 sic
1295 1265 1752 1330 Nomentanus
1783 1267 2060 1330 amicum

538 1378 797 1442 tolleret
827 1383 871 1412 “
890 1379 1041 1458 heu,
1076 1379 1387 1458 Fortuna,
1423 1379 1568 1464 quis
1600 1386 1703 1442 est
1731 1379 2054 1442 crudelior
2081 1381 2150 1442 in
2179 1403 2300 1444 nos

538 1496 603 1553 te
634 1491 841 1554 deus?
889 1497 965 1555 ut
994 1514 1252 1576 semper
1280 1493 1529 1577 gaudes
1559 1491 1854 1554 inludere
1884 1493 2080 1556 rebus

534 1603 909 1668 humanis''.
1011 1603 1250 1668 Varius
1279 1628 1518 1689 mappa
1548 1627 1962 1688 compescere
1991 1605 2194 1668 risum

532 1717 646 1780 vix
676 1724 953 1802 poterat.
1058 1717 1341 1796 BalatrO,
1375 1717 1782 1802 suspendens
1814 1718 2031 1780 omnia
2058 1740 2240 1796 mise,

534 1833 577 1864 “
596 1829 756 1894 haec
787 1837 889 1894 est
918 1830 1210 1893 condicio
1240 1831 1509 1894 vivendi
1526 1831 1568 1862 ’'
1601 1830 1838 1908 aiebat,
1875 1834 1917 1864 “
1939 1852 2146 1914 eoque

531 1965 921 2027 responsura
948 1949 1063 2006 tuo
1091 1965 1451 2028 numquam
1484 1951 1588 2006 est
1617 1965 1734 2028 par
1762 1945 1933 2006 fama
1961 1944 2189 2007 labori.

531 2063 705 2134 tene,
737 2062 813 2120 ut
842 2079 967 2141 ego
997 2055 1277 2139 accipiar
1303 2057 1500 2134 laute,
1534 2054 1898 2140 torquerier
1927 2057 2104 2118 omni

532 2168 963 2232 sollicitudine
994 2168 1385 2246 districtum,
1416 2191 1501 2232 ne
1533 2169 1719 2253 panis
1755 2169 2050 2247 adustuS‚

530 2303 614 2344 ne
644 2282 811 2344 male
842 2281 1174 2344 conditum
1205 2281 1306 2344 ius
1338 2288 1725 2365 apponatur,
1757 2288 1834 2344 ut
1863 2303 2090 2346 omnes

530 2393 883 2476 praecincti
909 2401 1085 2458 recte
1116 2394 1299 2479 pueri
1332 2394 1708 2478 comptique
1737 2394 2165 2458 ministrent?

528 2507 695 2568 adde
725 2507 843 2570 hos
873 2515 1210 2590 praeterea
1238 2529 1447 2584 casuS,
1482 2508 1711 2570 aulaea
1739 2514 1937 2571 ruant
1967 2509 2044 2586 si,

528 2625 606 2681 ut
634 2618 849 2696 mode,
883 2620 939 2682 si
968 2620 1257 2703 patinam
1288 2620 1457 2704 pede
1488 2621 1713 2703 lapsus
1743 2620 2009 2705 frangat
2037 2642 2258 2705 agaso,

529 2731 645 2795 sed
674 2731 1112 2796 convivatoris
1143 2734 1244 2796 uti
1274 2733 1461 2797 ducis
1490 2732 1834 2818 ingenium
1863 2755 1968 2796 res

526 2844 837 2908 adversae
866 2845 1110 2908 nudare
1142 2847 1375 2924 solent,
1409 2847 1618 2908 celare
1650 2846 2050 2909 secundae''.

526 2957 920 3021 Nasidienus
950 2958 1031 3020 ad
1062 2958 1220 3021 haec
1254 2962 1299 2991 “
1324 2958 1446 3021 tibi
1476 2958 1545 3020 di
1578 2979 2029 3042 quaecumque
2060 2961 2342 3043 preceris

528 3074 867 3138 commoda
898 3073 1057 3136 dent
1079 3099 1097 3151 3
1142 3075 1238 3137 ita
1265 3074 1367 3137 vir
1398 3075 1609 3136 bonus
1639 3096 1708 3138 es
1739 3075 2147 3158 convivaque
2178 3077 2379 3140 comis
2399 3078 2477 3140 ’':

525 3194 594 3251 et
624 3189 829 3250 soleas
859 3188 1088 3271 poscit.
1194 3194 1333 3250 tum
1363 3187 1430 3249 in
1463 3188 1632 3252 lecto
1665 3207 1928 3271 quoque
1958 3187 2216 3251 videres

524 3302 800 3364 stridere
835 3307 1083 3363 secreta
1112 3299 1356 3364 divisos
1387 3321 1539 3362 aure
1573 3301 1933 3363 susurros’.

522 3414 733 3476 nullos
764 3412 865 3475 his
896 3412 1153 3475 mallem
1182 3412 1369 3475 ludos
1402 3419 1766 3495 spectasse:
1815 3412 1932 3476 sed
1961 3411 2072 3474 illa

520 3526 723 3589 redde
753 3547 877 3609 age
912 3547 1074 3609 quae
1103 3525 1411 3608 deinceps
1440 3525 1665 3589 risisti.
1771 3531 1790 3558 ‘
1809 3525 2120 3588 Vibidius
2150 3525 2308 3588 dum

524 3639 778 3723 quaerit
806 3638 888 3701 de
917 3638 1161 3722 pueriS,
1192 3661 1351 3700 num
1382 3638 1468 3700 sit
1498 3659 1762 3722 quoque
1792 3638 1995 3700 fracta
2022 3639 2318 3722 lagoena,

524 3752 701 3837 quod
732 3751 857 3815 sibi
886 3751 1181 3835 poscenti
1208 3772 1343 3813 non
1374 3749 1614 3814 dantur
1642 3751 1897 3834 pocula,
1930 3751 2220 3836 dumque

520 3865 773 3927 ridetur
800 3862 968 3927 fictis
998 3885 1239 3942 rerum,
1271 3864 1621 3926 Balatrone
1653 3863 1960 3942 secunde,

520 3977 897 4053 Nasidiene‚
929 3975 1101 4038 redis
1131 3983 1421 4040 mutatae
1452 3975 1709 4054 frontiS,
1741 3982 1821 4039 ut
1850 3983 1990 4039 arte

2684 737 2744 785 55

2677 1288 2744 1334 60

2672 2427 2736 2472 70

2665 2991 2730 3038 75

2661 3544 2728 3590 80
