3109 4817
607 214 736 276 340
1485 211 1929 277 HORATII

611 394 630 422 ‘
656 411 799 452 sum
832 389 1041 451 bonus
1073 394 1141 450 et
1169 387 1401 471 frugi’.
1507 388 1724 450 renuit
1752 388 2137 472 negitatque
2174 387 2487 452 Sabellus.

608 509 835 566 cautus
867 502 1040 565 enim
1069 502 1305 565 metuit
1335 502 1591 566 foveam
1619 503 1811 586 lupus
1841 502 2276 587 accipiterque

612 622 950 699 suspectos
978 616 1246 699 laqueos
1277 621 1347 678 et
1376 622 1678 699 opertum
1707 615 1945 677 miluus
1976 615 2260 691 hamum.

612 728 891 790 oderunt
920 749 1187 812 peccare
1218 726 1374 790 boni
1403 726 1668 790 virtutis
1698 748 1937 790 amore.

611 848 685 903 tu
711 839 875 902 nihil
903 839 1211 902 admittes
1241 839 1310 900 in
1342 845 1408 900 te
1439 838 1784 902 formidine
1815 861 2098 923 poenae:

610 954 698 1016 sit
728 974 877 1037 spes
908 950 1194 1028 fallendi,
1228 950 1530 1014 miscebis
1561 973 1742 1014 sacra
1770 951 2078 1035 profanis,

608 1088 761 1128 nam
792 1065 874 1128 de
905 1064 1079 1127 mille
1108 1064 1294 1126 fabae
1323 1064 1559 1127 modiis
1590 1086 1733 1127 cum
1768 1064 2036 1148 surripis
2068 1087 2292 1142 unum,

611 1178 921 1242 damnum
955 1182 1077 1254 est,
1107 1196 1241 1238 non
1271 1174 1542 1254 facinus,
1575 1176 1737 1238 mihi
1767 1184 1957 1261 pacto
1985 1177 2197 1241 lenius
2227 1177 2375 1240 istc.

610 1290 713 1353 vir
742 1291 975 1367 bonuS,
1009 1309 1200 1351 omne
1229 1288 1442 1350 forum
1477 1310 1669 1371 quem
1700 1296 1954 1373 spectat
1984 1296 2052 1351 et
2082 1311 2273 1351 omne
2305 1289 2614 1368 tribunal,

614 1402 1153 1487 quandocumque
1184 1399 1342 1463 deos
1371 1401 1478 1463 vel
1510 1423 1707 1484 porco
1736 1402 1842 1465 vel
1874 1402 2044 1466 bove
2075 1403 2310 1486 placat,

618 2659 637 2688 ‘
657 2653 816 2717 Iane
846 2656 1066 2739 pater’
1099 2656 1290 2732 clare,
1324 2655 1491 2718 clare
1523 2678 1668 2718 cum
1700 2654 1870 2718 dixit
1900 2660 1919 2689 ‘
1940 2657 2231 2741 Apollo',

615 2768 796 2830 labra
825 2775 1049 2832 movet
1079 2774 1378 2831 metuens
1409 2767 1620 2831 audiri
1654 2772 1672 2801 ‘
1693 2769 1962 2852 pulchra
1992 2769 2309 2847 Laverna„

616 2880 702 2942 da
728 2879 890 2942 mihi
919 2880 1163 2958 fallere,
1197 2880 1281 2943 da
1308 2881 1481 2944 iusto
1513 2888 1867 2966 sanctoque
1897 2881 2128 2960 videri,

616 2998 880 3056 noctem
908 2994 1192 3077 peccatis
1225 3000 1292 3057 et
1321 2992 1656 3057 fraudibus
1690 2995 1873 3057 obice
1902 2996 2202 3059 nubem'.

619 3105 732 3190 qui
760 3105 988 3168 melior
1019 3127 1231 3185 serv0,
1268 3107 1380 3191 qui
1407 3107 1674 3170 liberior
1704 3107 1792 3170 sit
1819 3130 2075 3185 avam,

616 3218 685 3280 in
716 3217 926 3282 triviis
956 3218 1162 3281 fixum
1192 3242 1341 3282 cum
1371 3242 1440 3282 se
1470 3219 1764 3283 demittit
1794 3221 1877 3283 ob
1909 3242 2141 3298 assem,

616 3351 749 3393 non
778 3329 993 3394 video,
1097 3353 1251 3394 nam
1282 3332 1392 3416 qui
1422 3332 1664 3416 cupiet,
1697 3339 1950 3396 metuet
1981 3355 2271 3418 quoque:
2320 3357 2518 3418 porro

621 3442 733 3527 qui
761 3448 1062 3505 metuens
1093 3443 1297 3520 vivet,
1329 3444 1495 3507 liber
1522 3446 1685 3508 mihi
1713 3466 1846 3508 non
1879 3445 2004 3509 erit
2032 3468 2361 3531 umquam.

617 3553 905 3640 perdidit
933 3576 1132 3631 arma,
1162 3556 1376 3618 locum
1405 3556 1669 3621 virtutis
1699 3558 2010 3637 deseruit,
2045 3560 2155 3642 qui

620 3688 881 3752 semper
908 3666 976 3729 in
1008 3668 1311 3752 augenda
1340 3669 1609 3733 festinat
1639 3678 1707 3734 et
1737 3671 2034 3734 obruitur
2061 3693 2153 3735 re.

619 3779 904 3842 vendere
936 3801 1084 3841 cum
1115 3780 1325 3863 possis
1357 3782 1710 3865 captivum,
1745 3783 2038 3846 occidere
2068 3785 2235 3847 noli:

620 3892 864 3955 serviet
891 3891 1175 3956 utiliter:
1225 3893 1364 3957 sine
1395 3901 1619 3978 pascat
1649 3895 1849 3959 durus
1882 3903 2170 3981 aretque,

617 4004 888 4089 naviget
917 4027 991 4067 ac
1020 4005 1253 4069 mediis
1284 4007 1529 4070 hiemet
1558 4018 1880 4073 mercator
1908 4010 1974 4071 in
2009 4010 2221 4087 undis,

2782 532 2838 577 50

2776 1094 2839 1141 55

2773 2786 2833 2831 60

2772 3353 2832 3413 65
