3109 4817
1087 202 1682 269 SERMONUM
1741 203 1777 268 1
1836 205 1875 266 5

358 378 679 457 certatim,
712 378 978 442 tandem
1008 379 1216 443 fessus
1244 378 1527 443 dormire
1556 378 1771 443 viator

357 489 609 575 incipit,
640 513 715 555 ac
745 491 981 556 missae
1009 498 1270 576 pastum
1298 491 1654 556 retinacula
1680 492 1894 555 mulae

356 610 557 667 nauta
584 603 775 689 piger
803 626 958 668 saxo
988 605 1225 690 religat
1254 605 1602 691 stertitque
1632 604 1922 689 supinus

354 715 613 802 iamque
641 715 782 781 dies
811 716 1056 795 aderat,
1086 717 1180 781 nil
1210 740 1357 782 cum
1388 717 1738 802 procedere
1766 718 2029 781 lintrem

358 803 714 906 sentim‘us3
760 830 967 894 donec
996 831 1375 895 cerebrosus
1409 830 1664 916 prosilit
1693 852 1861 894 unus

357 963 431 1004 ac
460 942 674 1006 mulae
702 929 1071 1028 nautaeque
1100 949 1296 1028 caput
1324 935 1710 1029 lumbosque
1739 943 1992 1028 saligno

356 1053 528 1118 fuste
559 1054 759 1120 dolat.
864 1063 1095 1142 quarta
1122 1048 1236 1119 viia
1265 1056 1530 1119 demum
1562 1055 1947 1141 exponimur
1973 1056 2156 1119 hora.

358 1188 470 1230 ora
496 1189 857 1254 manusque
888 1177 1002 1232 tua
1028 1167 1326 1248 lavimus,
1360 1168 1658 1247 Feronia,
1687 1169 1976 1254 lympha.

356 1280 534 1344 milia
562 1287 703 1344 tum
732 1282 952 1366 pransi
982 1281 1108 1345 tria
1134 1281 1419 1366 repimus
1448 1289 1646 1367 atque
1677 1281 1970 1346 subimus

353 1393 733 1478 impositum
763 1395 937 1458 saxis
964 1396 1095 1458 late
1126 1394 1558 1458 candentibus
1585 1395 1839 1460 Anxur.

356 1507 481 1570 huc
511 1514 827 1572 venturus
856 1515 999 1573 erat
1027 1507 1373 1572 Maecenas
1404 1507 1689 1592 optimus
1717 1513 1915 1593 atque

361 1618 667 1683 Cocceius
670 1669 690 1698 ,
722 1620 903 1684 missi
932 1620 1188 1706 magnis
1218 1620 1301 1684 de
1328 1621 1527 1692 rebus
1553 1625 1831 1706 uterque

354 1732 579 1818 legati,
612 1754 872 1798 aversos
907 1734 1082 1798 soliti
1109 1729 1497 1821 componere
1522 1732 1784 1814 amicos

355 1843 462 1908 hic
493 1845 695 1908 oculis
726 1867 851 1930 ego
877 1830 1070 1930 nigra
1098 1845 1262 1910 meis
1292 1845 1558 1930 collyria
1584 1844 1801 1930 lippus

354 1957 627 2021 illinere.
730 1937 980 2022 interea
1008 1956 1354 2022 Maecenas
1383 1955 1653 2021 advenit
1665 1935 1878 2042 'atque

362 2069 671 2134 Cocceius
705 2069 1065 2156 Capitoque
1096 2069 1288 2134 simul
1320 2069 1655 2148 Fonteius,
1685 2069 1769 2132 ad
1799 2085 2088 2155 unguem

356 2183 565 2247 factus
593 2183 813 2260 hom0,
844 2183 1095 2247 Antoni
1122 2203 1256 2245 non
1286 2188 1362 2246 ut
1387 2181 1600 2267 magis
1629 2182 1796 2246 alter
1821 2183 2086 2248 amicus·

360 2295 625 2360 Fundos
655 2295 919 2359 Aufidio
950 2295 1160 2358 Lusco
1191 2301 1489 2380 praetore
1516 2294 1799 2359 libenter

355 2407 733 2494 linquimus,
762 2407 975 2472 insani
1002 2407 1293 2472 ridentes
1320 2408 1608 2492 praemia
1637 2408 1908 2487 scribae,

357 2527 763 2605 praetextam
795 2526 865 2584 et
889 2522 1094 2584 latum
1126 2522 1380 2584 clavum
1409 2517 1784 2605 prunaeque
1817 2521 2130 2587 batillum.

356 2632 423 2699 111
456 2631 933 2696 Mamurrarum
960 2617 1115 2696 lassi
1142 2633 1379 2697 deinde
1407 2634 1570 2697 urbe
1600 2654 1957 2713 manemus,

358 2744 637 2808 Murena
663 2745 1019 2829 praebente
1048 2745 1335 2824 domum,
1372 2745 1688 2830 Capitone
1717 2745 2017 2810 culinam.
2057 2757 2061 2761 ’

358 2865 619 2942 postera
651 2858 765 2921 lux
794 2857 1001 2922 oritur
1025 2859 1234 2922 multo
1263 2858 1670 2944 gratissima:
1716 2879 1998 2944 namque

358 2969 609 3035 Plotius
639 2977 708 3035 et
736 2970 972 3035 Varius
1007 2970 1351 3037 Sinuessae
1378 2969 1843 3056 Vergiliusque

358 3091 727 3162 occurrunt,
758 3084 1011 3148 animae
1043 3085 1265 3170 quales
1291 3105 1505 3169 neque
1536 3083 1942 3148 candidiores

358 3203 533 3260 terra
562 3197 713 3261 tulit
739 3217 953 3282 neque
984 3195 1128 3282 quis
1157 3219 1263 3260 me
1292 3196 1381 3260 sit
1408 3195 1773 3260 devinctior
1799 3196 1984 3259 alter.

360 3330 399 3372 o
432 3309 545 3393 qui
574 3308 927 3393 conplexus
959 3316 1027 3372 et
1054 3309 1295 3394 gaudia
1324 3315 1568 3394 quanta
1595 3309 1895 3372 fuerunt!

355 3420 451 3486 nil
485 3441 611 3505 ego
640 3421 1023 3485 contulerim
1050 3420 1333 3484 iucundo
1369 3425 1566 3484 sanus
1594 3421 1822 3484 amico·

357 3533 653 3618 proxima
685 3533 1015 3617 Campano
1043 3533 1229 3617 ponti
1259 3555 1422 3619 quae
1450 3533 1694 3610 villula,
1711 3539 1973 3596 'tectum

358 3647 683 3730 praebuit,
714 3652 787 3710 et
811 3645 1073 3734 parochi
1104 3667 1268 3731 quae
1297 3646 1541 3710 debent
1569 3646 1750 3731 ligna
1779 3646 2129 3730 salemque.

358 3759 511 3823 hinc
540 3759 699 3822 muli
732 3757 990 3843 Capuae
1019 3759 1289 3823 clitellas
1320 3764 1613 3842 tempore
1641 3764 1917 3842 ponunt.

359 3873 573 3936 lusum
600 3871 657 3935 it
683 3870 1053 3950 Maecenas,
1084 3870 1436 3934 dormitum
1466 3859 1592 3955 ego
1619 3869 2079 3956 Vergiliusque
2103 3891 2122 3945 3

361 4005 642 4069 namque
672 3983 804 4068 pila
822 3983 1017 4069 lippis
1046 3982 1379 4047 inimicum
1409 3990 1477 4048 et
1503 3982 1727 4046 ludere
1757 3983 1993 4047 crudis.

2435 200 2558 265 24¹7

2491 744 2557 777 20

2491 1307 2555 1358 ²5

2491 1877 2555 1925 30

2493 2441 2554 2490 35

2486 3001 2559 3049 40

2488 3559 2557 3609 4⁵
