3109 4817
496 159 619 224 262
1372 154 1814 221 HORATII

511 2247 539 2330 [
742 2247 1019 2326 UCILI,
1051 2270 1246 2333 quam
1276 2247 1364 2311 sie
1394 2248 1767 2326 mendosuS,
1800 2254 1968 2312 teste
2005 2245 2251 2311 Catone

782 2360 1121 2424 defensore
1151 2367 1266 2423 tuo
1296 2361 1696 2446 pervincum,
1730 2360 1843 2446 qui
1870 2361 2037 2424 male
2067 2360 2272 2423 factos

502 2473 846 2536 emendare
877 2480 1066 2557 parat
1093 2496 1343 2552 versus,
1376 2474 1499 2537 hoc
1526 2475 1739 2538 lenius
1767 2474 1899 2552 ine,
2022 2461 2030 2469 ’

502 2607 631 2670 quo
654 2586 882 2649 melior
909 2585 1013 2649 vir
1042 2592 1110 2648 et
1139 2593 1242 2649 est
1269 2588 1467 2671 longe
1500 2586 1801 2651 subtilior
1827 2587 1938 2650 illo

500 2696 615 2781 qui
642 2698 920 2761 multum
949 2719 1113 2782 puer
1143 2705 1211 2762 et
1238 2698 1393 2762 loris
1426 2705 1494 2762 et
1522 2698 1790 2762 funibus
1819 2698 1968 2762 udis
2673 2728 2700 2774 5

502 2818 828 2889 exoratuS,
860 2817 936 2874 ut
965 2818 1139 2875 esset
1168 2832 1359 2896 opem
1393 2813 1504 2899 qui
1534 2813 1704 2876 ferre
1733 2812 1946 2898 poetis

501 2923 787 3009 antiquis
816 2931 1040 3008 posset
1068 2932 1293 2989 contra
1322 2924 1583 2989 fastidia
1609 2932 1854 3004 nostra,
1908 3009 1915 3016 ¹

500 3038 1072 3123 grammaticorum
1102 3037 1395 3123 equitum
1426 3037 1863 3102 doctissimus,
1965 3044 2043 3101 ut
2070 3038 2333 3102 redeam
2360 3037 2567 3120 inuo‚]

499 3150 757 3235 Nempe
786 3149 1217 3234 incomposito
1247 3150 1385 3213 dixi
1414 3151 1583 3235 pede
1614 3172 1871 3214 currere
1900 3173 2130 3215 versus

503 3262 730 3326 Lucili.
836 3263 981 3348 quis
1012 3270 1146 3327 tam
1177 3262 1386 3326 Lucili
1415 3263 1630 3326 fautor
1657 3263 1881 3348 inepte
1912 3269 2035 3341 est,

501 3382 577 3438 ut
602 3398 735 3439 non
765 3375 888 3438 hoc
916 3376 1198 3441 fateatur
1224 3377 1251 3440 Ρ
1298 3384 1369 3439 at
1396 3376 1596 3455 idem,
1631 3376 1806 3461 quod
1836 3377 1968 3440 sale
1998 3377 2202 3440 multo

502 3489 731 3551 urbem
762 3488 1085 3566 defricuit,
1118 3489 1341 3552 charta
1367 3489 1672 3553 laudatur
1702 3489 1951 3553 eadem.

501 3622 622 3664 nec
652 3606 872 3663 tamen
901 3587 1024 3664 hoc
1055 3601 1351 3665 tribuens
1381 3601 1676 3665 dederim
1710 3623 1966 3686 quoque
1997 3607 2247 3665 cetera:
2293 3623 2444 3664 nam
2475 3600 2566 3664 sic
2674 3630 2701 3678 5

504 3719 572 3776 et
603 3712 839 3777 Laberi
867 3713 1099 3777 mimos
1128 3721 1205 3777 ut
1234 3714 1503 3799 pulchra
1532 3721 1833 3799 poemata
1861 3714 2078 3778 mirer.

507 3847 665 3910 ergo
694 3848 827 3889 non
858 3825 1015 3889 satis
1046 3833 1148 3889 est
1175 3827 1310 3890 risu
1338 3827 1645 3891 diducere
1672 3828 1909 3891 rictum

504 3938 852 4003 auditoris:
902 3945 970 4003 et
999 3946 1101 4003 est
1131 3940 1446 4024 quaedam
1478 3948 1698 4005 tamen
1727 3941 1832 4004 hic
1864 3961 2121 4025 quoque
2150 3938 2392 4002 virtus:
