3109 4817
530 226 653 288 258
1404 227 1848 292 HOBATII

527 401 703 465 hunc
730 423 968 466 vexare
996 403 1209 465 locum
1238 423 1431 466 curae
1461 409 1618 466 sunt
1644 409 1842 486 atque
1871 400 2100 479 labori,

530 520 846 599 quantum
876 514 1267 580 carminibus
1299 537 1463 601 quae
1492 521 1760 578 versant
1787 520 1984 600 atque
2014 513 2284 578 venenis

526 627 844 692 humanos
873 628 1157 692 animos:
1204 629 1321 693 has
1350 629 1527 691 nullo
1556 627 1830 712 perdere
1860 649 2126 711 possum

524 761 647 803 nec
676 738 1020 824 prohibere
1050 740 1267 820 modo,
1297 741 1489 805 simul
1516 762 1593 804 ac
1627 762 1798 824 vaga
1825 741 1980 803 luna
2006 739 2313 803 decorum

526 852 798 937 protulit
827 872 921 930 oe,
956 853 1112 938 quin
1144 876 1291 916 ossa
1317 855 1544 938 legant
1571 854 1936 938 herbasque
1965 859 2299 917 nocentes.

528 964 666 1029 vidi
696 972 959 1049 egomet
989 965 1180 1050 nigra
1208 968 1602 1030 succinctam
1631 967 1870 1029 vadere
1899 967 2070 1050 palla

534 1078 889 1156 Canidiam,
921 1079 1198 1163 pedibus
1225 1080 1418 1143 nudis
1448 1100 1768 1164 passoque
1799 1079 2029 1162 capillo
2031 1127 2052 1156 ,

528 1212 677 1254 cum
713 1191 970 1276 Sagana
997 1193 1239 1256 maiore
1268 1192 1647 1257 ululantem.
1749 1191 1957 1275 pallor
1990 1197 2298 1276 utrasque

528 1303 771 1366 fecerat
796 1304 1151 1369 horrendas
1180 1312 1470 1390 aspect-u.
1574 1304 1860 1388 scalpere
1890 1310 2132 1367 terram

528 1416 859 1502 unguibus
890 1424 959 1481 et
985 1419 1229 1502 pullam
1258 1418 1568 1482 divellere
1597 1417 1924 1481 mordicus
1953 1439 2191 1502 agnam

524 1536 916 1613 coeperunt:
964 1553 1153 1594 cruor
1178 1530 1248 1593 in
1278 1531 1515 1594 fossam
1545 1530 1872 1608 confusus,
1904 1537 1980 1594 ut
2007 1530 2161 1594 inde

526 1663 751 1706 manes
782 1642 1089 1706 elicerent
1117 1643 1363 1707 animas
1392 1665 1704 1728 responsa
1732 1643 2018 1708 daturas.

525 1756 712 1819 lanea
742 1762 811 1819 et
840 1756 1087 1840 effigies
1119 1762 1278 1834 erat,
1310 1757 1514 1819 altera
1542 1777 1764 1819 cerea:
1811 1756 2019 1818 maior

525 1869 734 1947 lanea,
769 1891 931 1953 quae
968 1869 1195 1953 poenis
1226 1875 1648 1953 conpesceret
1675 1868 2087 1945 inferiorem;

526 2003 715 2045 cerea
743 1982 1125 2066 suppliciter
1158 1983 1376 2046 stabat
1404 1981 1752 2047 servilibus
1781 1987 1985 2066 utque

526 2096 657 2158 iam
686 2095 974 2179 peritura
1000 2094 1233 2159 modis,
1338 2094 1639 2158 Hecaten
1669 2100 1865 2158 vocat
1893 2093 2118 2172 altera,
2155 2116 2416 2159 saevam

526 2210 731 2272 altera
758 2208 1178 2292 Tisiphonen.
1283 2214 1622 2292 serpentes
1652 2213 1850 2292 atque
1879 2206 2139 2271 videres

525 2321 811 2384 infernas
840 2341 1055 2384 errare
1086 2342 1300 2398 caneS,
1330 2321 1680 2406 lunamque
1709 2320 2078 2399 rubentem,

527 2456 611 2497 ne
642 2434 811 2498 foret
837 2433 940 2497 his
972 2433 1182 2512 testis,
1213 2439 1366 2518 post
1392 2455 1634 2518 magna
1660 2434 1864 2498 latere
1895 2433 2210 2517 sepulcra.

528 2546 809 2609 mentior
836 2553 906 2609 at
935 2545 1171 2630 siquid,
1202 2545 1443 2610 merdis
1474 2552 1672 2630 caput
1698 2544 2002 2630 inquiner
2029 2546 2194 2610 albis

529 2679 892 2736 corvorum,
924 2665 1121 2743 atque
1151 2659 1220 2721 in
1250 2681 1355 2722 me
1384 2659 1610 2723 veniat
1635 2657 1908 2722 mictum
1938 2664 2135 2743 atque
2165 2665 2458 2723 cacatum

529 2771 758 2849 Iulius,
792 2777 859 2835 et
888 2771 1137 2856 fragilis
1167 2770 1485 2850 Pediatia,
1516 2772 1749 2856 furque
1778 2769 2102 2836 Voranus.

532 2883 790 2969 singula
820 2884 976 2969 quid
1005 2904 1382 2962 memorem,
1416 2906 1543 2970 quo
1574 2890 1766 2968 pacto
1797 2884 2048 2946 alterna
2075 2885 2418 2969 loquentes

532 2997 799 3059 umbrae
829 3019 976 3060 cum
1013 2997 1271 3083 Sagana
1296 2997 1665 3061 resonarint
1693 2996 1881 3060 triste
1913 3002 1982 3060 et
2009 3005 2293 3076 acutum,

531 3116 734 3193 utque
763 3109 902 3194 lupi
930 3110 1200 3173 barbam
1228 3111 1446 3174 variae
1476 3131 1626 3172 cum
1654 3108 1852 3172 dente
1882 3109 2183 3173 colubrae

531 3221 903 3285 abdiderint
932 3222 1156 3285 fiirtim
1185 3223 1399 3301 terris,
1432 3229 1501 3285 et
1527 3221 1816 3306 imagine
1850 3242 2037 3284 cerea

529 3336 773 3420 largior
805 3335 1037 3399 arserit
1063 3334 1260 3420 ignia,
1293 3341 1361 3398 et
1390 3342 1465 3398 ut
1491 3355 1626 3398 non
1656 3335 1845 3398 testis
1873 3333 2120 3398 inultus

531 3446 893 3511 horruerim
920 3469 1114 3512 voces
1148 3448 1487 3510 Furiarum
1518 3454 1588 3511 et
1615 3448 1786 3510 facta
1813 3446 2138 3510 duarum?

530 3581 685 3623 nam
714 3559 999 3644 displosa
1028 3568 1218 3626 sonat
1247 3567 1563 3646 quantum
1593 3559 1831 3638 vesica,
1863 3558 2101 3643 pepedi

534 3672 776 3736 diffissa
802 3679 955 3736 nate
984 3673 1179 3738 ficus:
1232 3681 1303 3736 at
1329 3673 1476 3736 illae
1507 3694 1764 3736 currere
1791 3673 1862 3734 in
1893 3673 2142 3736 urbem.

540 3785 845 3850 Canidiae
874 3784 1128 3865 dentes»,
1160 3787 1363 3850 altum
1399 3785 1693 3870 Saganae
1725 3784 2122 3848 caliendrum

537 3900 857 3980 excidere,
890 3906 1086 3985 atque
1115 3899 1349 3962 herbas
1380 3904 1575 3983 atque
1604 3897 1935 3962 incantata
1963 3897 2220 3961 lacertis

534 4012 815 4092 vincula,
847 4034 996 4076 cum
1023 4032 1263 4096 magno
1292 4010 1555 4096 risuque
1585 4012 1856 4095 iocoque
1885 4009 2163 4075 videres.

2671 653 2738 688 20

2671 1219 2734 1266 25

2668 1785 2733 1831 30

2673 2352 2735 2398 35

2669 2915 2739 2962 40

2667 3477 2736 3525 45

2676 4039 2747 4092 50.
