3109 4817
1132 233 1726 301 SERMONUM
1791 236 1825 297 Ι
1889 237 1928 299 9

461 410 795 495 proximus
826 411 1022 475 esse’.
1113 416 1134 446 ‘
1157 411 1321 476 velis
1351 410 1843 474 tantummodo:
1894 433 2058 496 quae
2087 416 2202 473 tua
2230 409 2462 487 virtue,

461 525 909 609 expugnabis3
955 530 1025 588 et
1052 531 1155 588 est
1185 524 1296 609 qui
1324 523 1500 587 vinci
1529 523 1759 608 possit,
1791 543 1997 608 eoque

460 634 737 700 difficilis
765 636 982 701 aditus
1016 636 1260 721 primos
1288 636 1542 700 habet'.
1651 641 1671 670 ‘
1690 635 1862 698 haud
1893 633 2054 698 mihi
2082 634 2313 697 deero:

458 750 837 814 muneribus
867 771 1090 813 servos
1120 771 1568 833 corrumpam3
1612 768 1768 826 non,
1800 747 1995 811 hodie
2025 746 2081 810 si

461 861 759 925 exclusus
787 862 992 940 fuero,
1025 861 1373 938 desistam3
1419 868 1716 945 tempora
1747 881 2088 944 quaeram3

460 994 792 1036 occurram
819 973 890 1036 in
920 973 1169 1050 triviis3
1218 973 1558 1037 deducam.
1659 972 1753 1035 nil
1783 972 1924 1035 sine
1952 990 2193 1055 magno

458 1084 599 1148 vita
622 1086 845 1149 labore
874 1085 1059 1150 dedit
1085 1085 1520 1149 mortalibus’.
1624 1084 1784 1147 haec
1810 1084 1972 1146 dum
2000 1082 2158 1167 agit,
2192 1103 2341 1145 ecce

464 1196 713 1261 Fuscus
741 1197 1030 1262 Aristius
1060 1198 1360 1275 occurrit,
1391 1197 1552 1260 mihi
1584 1218 1769 1260 carus
1800 1203 1869 1259 et
1895 1196 2080 1259 illum

462 1310 575 1395 qui
603 1310 870 1394 pulchre
898 1318 1142 1375 nosset.
1245 1309 1680 1374 consistimus.
1787 1314 1807 1343 ‘
1827 1308 2001 1371 unde
2031 1307 2216 1372 venis
2239 1307 2298 1370 Ρ
2348 1312 2415 1369 et

462 1426 482 1455 ‘
501 1443 629 1506 quo
659 1422 875 1486 tendis
897 1424 957 1487 ?’
1002 1429 1195 1508 rogat
1223 1429 1292 1487 et
1318 1421 1694 1507 respondet.
1795 1422 2035 1485 vellere
2064 1418 2270 1504 coepi,

462 1540 531 1596 et
558 1555 864 1617 prensare
893 1558 1091 1598 manu
1118 1534 1479 1599 lentissima
1507 1533 1830 1611 bracchia,
1859 1540 2121 1610 nutans,

454 1643 870 1730 distorquens
901 1646 1142 1724 oculos,
1174 1654 1250 1710 ut
1275 1668 1382 1710 me
1414 1646 1714 1729 eriperet.
1815 1644 1984 1707 male
2015 1643 2219 1706 salsus

458 1756 679 1820 ridens
708 1756 1111 1822 dissimulare
1131 1783 1151 1836 3
1197 1781 1414 1822 meum
1443 1758 1624 1821 iecur
1650 1778 1837 1820 urere
1867 1755 2038 1821 bilis.

460 1872 675 1933 ‘certe
702 1871 923 1934 nescio
954 1871 1111 1956 quid
1141 1877 1392 1936 secreto
1422 1872 1591 1935 velle
1620 1868 1799 1955 loqui
1829 1875 1896 1932 te

458 1981 678 2045 aiebas
707 1984 1016 2049 mecum'.
1123 1989 1143 2018 ‘
1164 1983 1432 2047 memini
1461 1984 1654 2061 bene,
1687 1982 1803 2046 sed
1827 1981 2079 2044 meliori

462 2101 756 2180 tempore
786 2095 997 2160 dicam
1023 2122 1037 2160 ι
1083 2097 1277 2161 hodie
1308 2097 1635 2160 tricesima
1664 2094 1970 2159 sabbata:
2015 2092 2130 2156 vin
2159 2098 2234 2155 tu

458 2209 660 2272 curtis
690 2209 951 2273 Iudaeis
982 2210 1307 2294 oppedere
1330 2211 1390 2274 Ρ
1495 2214 1516 2244 ‘
1538 2210 1718 2272 nulla
1744 2206 1906 2270 mihi
1925 2205 1941 2234 ’
1968 2206 2234 2289 inquam

461 2325 482 2353 ‘
504 2320 732 2406 religio
763 2323 920 2386 est'.
1027 2326 1044 2356 ‘
1069 2329 1140 2385 at
1167 2322 1291 2386 mi:
1338 2344 1482 2387 sum
1512 2321 1705 2406 paulo
1733 2317 2068 2396 infirmior,
2100 2339 2267 2381 unus

458 2432 832 2497 multorum.
935 2435 1273 2519 ignosces:
1320 2436 1477 2499 alias
1506 2433 1786 2519 loquar'.
1889 2430 2171 2494 huncine
2202 2431 2404 2494 solem

460 2552 594 2609 tam
622 2547 886 2632 nigrum
916 2572 1180 2614 surrexe
1211 2550 1407 2614 mihi!
1459 2550 1632 2634 fugit
1658 2547 1973 2633 inprobus
2001 2567 2077 2609 ac
2106 2567 2212 2610 me

459 2660 581 2722 sub
612 2660 820 2724 cultro
850 2660 1107 2754 linquit.
1210 2685 1365 2726 casu
1392 2663 1578 2726 venit
1608 2661 1839 2725 obvius
1868 2660 1963 2723 illi

456 2772 865 2838 adversarius
896 2781 965 2838 et
996 2779 1015 2810 ‘
1049 2797 1177 2861 quo
1207 2782 1281 2839 tu
1310 2775 1684 2860 turpissime
1707 2773 1768 2838 ?’
1810 2793 2050 2857 magna

460 2885 770 2950 inclamat
798 2909 981 2966 voce,
1014 2895 1083 2952 et
1114 2892 1134 2922 ‘
1161 2888 1318 2953 licet
1345 2888 1661 2952 antestari
1679 2889 1706 2952 ἲ
1724 2889 1744 2919 '
1791 2908 1917 2970 ego
1945 2907 2104 2949 vero

458 3019 715 3082 oppono
743 2999 1115 3066 auriculam.
1218 3002 1391 3086 rapit
1418 3003 1486 3064 in
1515 3001 1655 3064 ius:
1702 3000 1943 3062 clamor
1971 2997 2320 3080 utrimque,

456 3111 742 3197 undique
772 3135 1142 3178 concursus.
1247 3115 1339 3178 sic
1369 3136 1474 3178 me
1505 3110 1794 3177 servavit
1822 3108 2082 3193 Apono,

2540 233 2661 297 261

2602 551 2664 599 55

2600 1097 2668 1144 60

2598 2232 2662 2277 70

2596 2801 2661 2849 75
