3109 4817
797 203 1386 269 CARMINUM
1449 205 1626 267 IIII
1692 203 1754 281 7,
1802 203 1840 264 8
2305 200 2422 265 171

1246 1630 1421 1694 VIII

556 1833 1157 2032 DONAREM
1190 1851 1449 1928 pateras
1479 1850 1798 1928 grataque
1830 1841 2229 1920 commodus»,

813 1955 1191 2033 Censorine,
1227 1955 1390 2019 meis
1421 1977 1572 2019 aera
1602 1955 1953 2030 sodalibu3‚

535 2067 841 2132 donarem
872 2068 1186 2152 tripodas,
1219 2068 1507 2152 praemia
1536 2068 1801 2130 fortium

541 2181 901 2259 Graiorum,
934 2203 1147 2264 neque
1179 2187 1254 2244 tu
1282 2181 1565 2264 pessima
1594 2203 1935 2243 munerum

540 2294 761 2371 ferreS,
794 2293 1001 2358 divite
1031 2316 1136 2356 me
1167 2293 1415 2357 scilicet
1442 2293 1680 2357 artium
2421 2321 2442 2366 5

544 2429 700 2490 quas
728 2415 843 2470 aut
873 2406 1252 2469 Parrhasius
1282 2406 1555 2490 protulit
1584 2413 1698 2469 aut
1732 2406 1994 2490 Scopas,

540 2519 644 2582 hic
675 2541 853 2597 mxc,
885 2518 1149 2603 liquidis
1176 2519 1286 2582 ille
1316 2519 1638 2582 coloribus

541 2632 763 2695 sollers
792 2654 966 2695 nunc
997 2631 1325 2694 hominem
1360 2653 1626 2715 ponere,
1656 2653 1830 2695 nunc
1861 2631 2077 2694 deum.

543 2745 656 2807 sed
683 2766 816 2807 non
846 2745 1006 2808 haec
1036 2744 1197 2807 mihi
1227 2743 1349 2821 vie,
1382 2765 1502 2806 nee
1540 2744 1662 2807 tibi
1693 2745 1920 2807 talium

544 2878 645 2920 res
676 2864 779 2921 est
806 2865 921 2920 aut
949 2857 1205 2920 animus
1234 2855 1610 2920 deliciarum
1643 2879 1867 2942 egens.
2392 2885 2452 2916 ιο

545 2969 790 3052 gaudes
822 2969 1256 3045 carminibus;
1303 2970 1589 3031 earmina
1620 2991 1962 3054 possumus

546 3080 783 3144 donare
816 3088 884 3144 et
913 3081 1196 3165 pretium
1228 3081 1442 3145 dicere
1473 3083 1746 3145 muneri.

547 3214 676 3256 non
706 3194 908 3257 incisa
937 3195 1111 3257 notis
1141 3217 1464 3257 marmora
1491 3195 1790 3278 publicis,

545 3327 661 3388 per
692 3328 854 3390 quae
886 3307 1151 3391 spiritus
1184 3314 1252 3370 et
1281 3307 1418 3370 vita
1445 3307 1619 3370 redit
1647 3308 1835 3371 bonis

549 3426 697 3501 post
723 3426 999 3482 mortem
1032 3419 1328 3496 ducibuS,
1359 3442 1491 3482 non
1523 3420 1764 3484 celeres
1795 3421 1990 3505 fugae
2395 3447 2452 3491 ις

549 3532 948 3616 reiectaeque
979 3540 1331 3596 retrorsum
1366 3532 1753 3596 Hannibalis
1783 3533 2020 3609 minae,

549 3665 678 3708 non
705 3645 1004 3708 incendia
1039 3645 1452 3729 Carthaginis
1480 3645 1719 3729 impiae

552 3756 707 3835 eius,
740 3759 850 3842 qui
880 3758 1125 3821 domita
1153 3780 1390 3820 nomen
1422 3759 1504 3820 ab
1536 3758 1761 3820 Africa

553 3869 833 3934 lucratus
865 3872 1079 3949 rediit,
1114 3871 1345 3935 elarius
1376 3870 1669 3933 indicant

553 3981 771 4046 laudes
804 4004 996 4067 quam
1031 3984 1340 4048 Calabrae
1379 3982 1704 4046 Pierides:
1753 4003 1988 4066 neque,
2391 3964 2456 4040 ἐξ)
