3109 4817
595 152 720 216 378
1473 154 1938 218 HORA'I'II

595 329 834 391 scimus
863 328 1253 391 inurbanum
1284 329 1503 414 lepido
1534 351 1850 414 seponere
1881 330 2081 408 dicte,

595 441 1088 526 legitimumque
1119 463 1349 505 sonum
1378 442 1607 527 digitis
1643 443 1948 507 callemus
1980 450 2049 507 et
2075 466 2252 508 aure.

594 554 896 638 ignotum
928 554 1213 638 tragicae
1242 576 1454 638 genus
1482 555 1815 619 invenisse
1845 578 2150 620 camenae

594 665 831 729 dicitur
860 673 929 730 et
955 667 1261 751 plaustris
1291 668 1550 732 vexisse
1582 676 1886 751 poemata
1915 669 2216 754 Thespis„

597 801 760 862 quae
790 786 1099 842 canerent
1126 788 1530 864 agerentque
1561 781 1862 865 peruncti
1891 780 2179 846 faecibus
2212 806 2345 847 ora.

596 899 746 974 post
772 892 945 955 hunc
973 913 1288 976 personae
1320 893 1658 979 pallaeque
1688 902 1986 978 repertor
2012 895 2329 959 honestae

595 1004 960 1088 Aeschylus
990 1012 1059 1068 et
1087 1005 1359 1069 modicis
1387 1005 1698 1070 instravit
1727 1006 1981 1091 pulpita
2011 1007 2215 1092 tignis

594 1125 663 1180 et
692 1117 914 1180 docuit
941 1139 1383 1202 magnumque
1412 1119 1591 1204 loqui
1620 1119 1874 1204 nitique
1905 1120 2244 1185 cothurno,

595 1230 907 1293 successit
934 1238 1126 1294 vetus
1162 1230 1263 1294 his
1294 1231 1650 1309 comoedia,
1681 1253 1815 1294 non
1847 1231 1987 1296 sine
2018 1234 2224 1295 multa

593 1342 819 1406 laude:
867 1343 982 1406 sed
1012 1344 1080 1406 in
1111 1343 1345 1407 vitium
1375 1343 1643 1408 libertas
1675 1344 1917 1409 excidit
1947 1352 2016 1408 et
2043 1345 2179 1409 vim

588 2944 857 3029 dignam
886 2945 1033 3029 lege
1062 2943 1239 3029 regi:
1284 2945 1391 3007 lex
1422 2949 1524 3007 est
1552 2949 1842 3027 accepta,
1875 2942 2240 3026 chorusque

588 3057 868 3142 turpiter
898 3057 1174 3121 obticuit
1203 3058 1459 3122 sublato
1487 3056 1629 3119 iure
1657 3055 1957 3119 nocendi.

587 3172 680 3235 nil
705 3172 1167 3256 intemptatum
1196 3170 1406 3233 nostri
1439 3169 1688 3254 liquere
1718 3175 1973 3253 poetae,

586 3307 708 3349 nec
737 3285 1074 3347 minimum
1105 3304 1400 3346 meruere
1429 3283 1628 3345 decus
1658 3280 1942 3366 vestigia
1973 3279 2217 3355 Graeca

586 3397 728 3461 ausi
760 3398 1059 3460 deserere
1091 3404 1159 3460 et
1189 3396 1515 3459 celebrare
1545 3393 1905 3458 domestica
1932 3393 2123 3470 facta,

585 3511 693 3574 vel
725 3510 834 3595 qui
865 3515 1236 3594 praetextas
1265 3509 1372 3572 vel
1404 3507 1515 3592 qui
1544 3506 1825 3570 docuere
1861 3512 2145 3591 togatas.

585 3645 707 3687 nec
741 3622 987 3685 virtute
1018 3620 1189 3684 foret
1216 3620 1489 3683 clarisve
1520 3621 1854 3704 potentius
1885 3618 2082 3682 armis

587 3758 780 3821 quam
809 3735 1035 3818 lingua
1065 3732 1347 3811 Latium,
1380 3733 1437 3795 si
1466 3754 1600 3795 non
1631 3732 1996 3796 offenderet
2023 3753 2228 3794 unum

588 3870 910 3934 quemque
941 3853 1279 3932 poetarum
1310 3847 1502 3909 h'mae
1532 3845 1719 3908 labor
1749 3853 1818 3909 et
1846 3867 2048 3908 mora.
2151 3866 2295 3923 vos,
2329 3865 2368 3907 o

584 3960 939 4044 Pompilius
970 3958 1259 4042 sanguis,
1292 3981 1550 4022 carmon
1582 3957 1953 4041 reprendite
1986 3957 2159 4041 quod
2192 3979 2322 4019 non

2706 590 2810 638 275

2704 1140 2811 1187 280

2693 3758 2790 3805 290
