3109 4817
942 197 1508 262 CARMINUM
1571 198 1719 262 IIII
1777 198 1821 261 4

583 374 805 439 videre
836 373 1029 438 Raeti
1057 374 1229 438 bella
1257 374 1379 438 sub
1408 373 1692 458 Alpibus

588 488 870 552 Drusum
901 493 1243 572 gerentem
1270 485 1601 550 Vindelici
1642 485 1901 571 (quibus

584 621 723 664 mos
752 599 927 663 unde
955 599 1275 663 deductus
1303 621 1421 684 per
1451 620 1642 662 omne

586 719 843 796 tempus
873 711 1233 776 Amazonia
1260 711 1470 776 securi

582 823 845 889 dextras
876 826 1191 904 obarmet,
1224 845 1532 910 quaerere
1563 823 1809 901 distuli,

582 957 704 1002 nec
734 938 899 1002 scire
928 937 1025 1002 fas
1056 944 1160 1001 est
1188 936 1463 1016 omnia),
1496 936 1614 1000 sed
1644 937 1760 1000 diu

582 1049 840 1136 lateque
869 1050 1170 1115 victrices
1200 1057 1499 1115 catervae

584 1162 867 1227 consiliis
894 1129 1151 1230 iuvenis
1178 1163 1463 1227 revictae

586 1296 845 1339 sensere
876 1275 1034 1361 quid
1060 1297 1247 1340 mens
1276 1275 1425 1353 rite,
1458 1275 1613 1360 quid
1642 1275 1893 1339 indoles

578 1387 825 1452 nutrita
851 1389 1079 1453 faustis
1101 1389 1225 1453 sub
1255 1389 1696 1473 penetralibus

584 1506 827 1585 posset,
859 1501 1017 1586 quid
1045 1501 1335 1586 Augusti
1362 1508 1674 1586 paternus

582 1614 651 1677 in
682 1635 917 1698 pueros
946 1613 1199 1678 animus
1229 1613 1550 1679 NeroneS.

582 1728 782 1792 fortes
811 1733 1113 1791 creantur
1140 1727 1417 1791 fortibus
1449 1734 1518 1791 et
1546 1725 1774 1802 bonis3

584 1845 686 1904 est
711 1839 780 1903 in
810 1839 1125 1918 iuvencis,
1158 1846 1261 1904 est
1286 1840 1356 1902 in
1388 1840 1573 1925 equis
1603 1845 1862 1924 patrum

582 1952 813 2031 virtus,
841 1973 1056 2038 neque
1085 1952 1392 2016 inbellem
1420 1953 1666 2017 feroces

584 2072 1022 2151 progenerant
1048 2064 1301 2151 aquilae
1330 2065 1694 2129 columbam
1721 2090 1736 2128 t

584 2177 878 2242 doctrina
906 2177 1023 2242 sed
1051 2178 1187 2241 vim
1216 2183 1560 2263 promovet
1586 2178 1872 2256 insitam,

583 2291 875 2376 rectique
904 2292 1116 2354 cultus
1145 2298 1410 2376 pectora
1436 2291 1789 2366 roborant3

582 2411 932 2489 uMque
961 2403 1254 2468 defecere
1284 2424 1520 2482 mores,

584 2516 967 2581 indecorant
994 2517 1162 2581 bene
1190 2523 1347 2580 nata
1374 2517 1622 2601 culpae.

589 2629 743 2715 quid
774 2629 1037 2709 debeas,
1068 2650 1107 2692 o
1137 2629 1367 2707 Roma,
1398 2627 1796 2708 Neronibus,

585 2743 770 2808 testis
798 2744 1172 2807 Metaurum
1201 2741 1443 2806 flumen
1473 2749 1541 2806 et
1569 2741 1941 2806 Hasdrubal

584 2857 878 2922 devictus
909 2863 979 2920 et
1005 2856 1274 2941 pulcher
1300 2855 1544 2941 fugatis

583 2970 690 3034 ille
718 2969 859 3034 dies
890 2968 1078 3033 Latio
1108 2969 1419 3047 tenebris,

589 3083 698 3168 qui
726 3082 973 3168 primus
1001 3083 1171 3145 alma
1196 3081 1343 3145 risit
1368 3081 1626 3158 adorea,

584 3195 761 3260 dirus
788 3217 909 3282 per
935 3196 1130 3259 urbes
1159 3193 1323 3258 Afer
1350 3200 1427 3257 ut
1455 3193 1657 3257 Italas

585 3330 704 3372 ceu
731 3308 991 3371 flamma
1019 3329 1137 3392 per
1165 3307 1389 3370 taedas
1418 3307 1526 3370 vel
1558 3328 1750 3369 eurus

587 3442 703 3505 per
734 3419 979 3486 Siculas
1014 3419 1333 3505 equitavit
1360 3420 1590 3483 undas.

588 3541 737 3618 post
762 3534 885 3597 hoc
914 3533 1216 3596 secundis
1245 3553 1453 3618 usque
1480 3531 1812 3595 laboribus

588 3645 879 3710 Romana
912 3646 1120 3731 pubes
1149 3645 1378 3723 crevit,
1410 3651 1479 3708 et
1504 3643 1706 3730 impio

586 3766 839 3823 vastata
866 3757 1233 3823 Poenorum
1263 3757 1548 3822 tumultu

588 3871 734 3934 fana
760 3871 917 3936 deos
946 3871 1231 3934 habuere
1259 3878 1495 3948 rectos,

588 3981 878 4070 dixitque
900 3983 1167 4048 tandem
1196 3983 1479 4066 perfidus
1508 3980 1839 4044 Hannibal

2366 197 2486 260 163

2418 2435 2476 2481 35

2408 3561 2474 3606 45
