3109 4817
615 268 739 332 104

1466 271 1923 338 HORATII

1006 444 1076 507 in
1106 446 1464 530 pulverem,
1497 469 1580 511 ex
1612 469 1739 533 quo
1768 447 2071 512 destituit
2099 447 2256 512 deos

1007 559 1304 622 mercede
1334 566 1523 644 pacta
1554 560 1952 638 Laomedon,
1983 560 2144 624 mihi

1004 677 1347 756 castaeque
1377 671 1758 735 damnatum
1789 671 2130 737 Minervae

1007 767 1154 847 cum
1184 785 1424 868 populo
1454 791 1524 848 et
1551 786 1717 849 duce
1746 786 2179 850 fraudulento.

1005 897 1135 960 iam
1162 919 1285 961 nec
1316 897 1648 962 Lacaenae
1677 898 1979 982 splendet
2007 899 2335 963 adulterae

1005 1010 1287 1074 famosus
1315 1010 1576 1095 hospes,
1606 1032 1730 1074 nec
1759 1010 2002 1074 Priami
2031 1011 2264 1076 domus

1005 1124 1262 1209 periura
1289 1145 1623 1209 pugnaces
1653 1123 1944 1188 Achivos

1007 1235 1351 1300 Hectoreis
1380 1237 1614 1320 opibus
1643 1235 1969 1320 refringit,

1004 1348 1375 1433 nostrisque
1404 1348 1674 1411 ductum
1705 1347 2134 1412 seditionibus

1004 1460 1247 1524 bellum
1274 1460 1554 1524 resedit:
1602 1459 1900 1545 protinus
1929 1467 1998 1524 et
2026 1461 2247 1546 gravis

1004 1571 1132 1636 iras
1162 1578 1231 1636 et
1259 1572 1544 1636 invisum
1572 1579 1906 1656 nepotem,

1002 1683 1231 1747 Troica
1262 1706 1454 1769 quem
1484 1683 1742 1769 peperit
1771 1685 2094 1762 sacerdos,

996 1797 1210 1861 Marti
1240 1797 1572 1860 redonabo
1599 1823 1612 1860 :
1657 1798 1840 1861 illum
1871 1819 1997 1882 ego
2024 1798 2269 1861 lucidas

999 1909 1163 1975 inire
1195 1909 1405 1987 sedeS‚
1435 1909 1674 1972 ducere
1702 1911 1982 1974 necta-ris

1001 2045 1189 2089 sucos
1220 2028 1289 2086 et
1314 2022 1598 2086 adscribi
1630 2023 1865 2106 quietis

1000 2135 1336 2200 ordinibus
1364 2135 1576 2219 patiar
1603 2136 1892 2198 deorum.

1000 2247 1158 2311 dum
1185 2249 1422 2332 longus
1450 2247 1626 2310 inter
1653 2246 1902 2311 saeviat
1929 2247 2098 2311 Ilion

1001 2361 1406 2446 Romamque
1433 2366 1700 2445 pontuS,
1731 2359 2021 2444 qualibet
2049 2360 2271 2424 exules

999 2474 1070 2537 in
1100 2480 1285 2558 parte
1313 2479 1638 2558 regnanto
1665 2472 1881 2549 beati3

999 2587 1155 2649 dum
1188 2585 1427 2648 Priami
1459 2585 1839 2670 Paridisque
1868 2585 2063 2649 busto

997 2700 1271 2764 insultet
1298 2706 1664 2762 armentum
1695 2705 1764 2762 et
1791 2699 2038 2762 catulos
2068 2698 2240 2762 ferae

997 2814 1213 2876 celent
1238 2813 1507 2890 inultae,
1538 2819 1673 2876 stet
1698 2812 2086 2896 Capitolium

996 2926 1276 3011 fulgens,
1308 2924 1854 3010 triumphatisque
1884 2925 2092 3008 possit

958 3039 1205 3103 „Roma
1232 3038 1415 3101 ferox
1450 3037 1605 3101 dare
1633 3037 1776 3100 iura
1811 3036 2048 3102 Medis.

995 3150 1319 3213 horrenda
1345 3151 1477 3213 late
1505 3171 1743 3213 nomen
1772 3150 1842 3212 in
1872 3150 2132 3214 ultimas

995 3262 1308 3327 extendat
1338 3283 1504 3339 oras,
1538 3283 1666 3346 qua
1694 3261 1946 3325 medius
1974 3261 2186 3346 liquor

995 3375 1277 3440 secerm‘t
1305 3375 1612 3458 Europen
1641 3375 1724 3439 ab
1753 3373 1939 3452 Asi-0,

998 3510 1124 3573 qua
1152 3487 1441 3551 tumidus
1470 3487 1648 3572 rigat
1675 3509 1831 3550 arva
1858 3485 2075 3565 Nilus,

994 3622 1224 3664 aurum
1251 3601 1655 3684 inrepertum
1685 3606 1753 3663 et
1783 3600 1875 3663 sic
1903 3599 2135 3663 melius
2165 3601 2385 3678 situm,

992 3736 1141 3776 cum
1172 3719 1345 3776 terra
1374 3713 1562 3789 celat,
1595 3733 1900 3796 spernere
1928 3711 2157 3775 fortior

992 3847 1187 3910 quam
1217 3845 1452 3910 cogere
1481 3825 1797 3888 humanos
1826 3823 1896 3886 in
1925 3847 2082 3888 usus

986 3959 1179 4001 omne
1211 3959 1463 4001 sacrum
1498 3937 1792 4020 rapiente
1822 3936 2074 4001 dextra.

989 4050 1380 4134 quicumque
1411 4050 1657 4113 mundo
1687 4050 2004 4114 terminus
2035 4049 2315 4128 obstitit,

2742 927 2811 977 25

2744 1489 2808 1538 30

2739 2053 2803 2100 35

2730 2618 2804 2664 40

2727 3181 2798 3228 45

2733 3742 2802 3788 50
