3109 4817
917 241 1671 308 EPISTULARUM
1734 245 1769 308 Ι
1833 247 1909 309 15

313 438 462 481 rure
492 439 638 481 meo
667 440 932 502 possum
965 418 1225 503 quidvis
1255 420 1538 503 perferre
1570 420 1873 505 patique:

313 530 397 594 ad
425 553 604 619 mare
635 553 783 595 cum
811 532 988 610 veni,
1020 553 1412 615 generosum
1443 540 1511 596 et
1539 534 1685 597 lene
1714 533 1995 617 requiro,

314 644 488 729 quod
517 666 704 708 curas
733 645 980 730 abigat,
1015 645 1189 730 quod
1219 668 1365 708 cum
1397 668 1512 730 spe
1543 646 1749 709 divite
1779 654 2002 709 manet

310 756 381 820 in
408 779 611 821 venas
640 758 1058 842 animumque
1088 780 1327 836 meum,
1363 759 1535 843 quod
1565 760 1768 823 verba
1797 760 2145 838 ministret,

315 870 486 953 quod
517 892 622 934 me
654 871 954 935 Lucanae
983 871 1288 935 iuvenem
1321 872 1737 935 commendet
1765 873 2068 951 amicae);

311 990 560 1047 tractus
590 991 738 1048 uter
765 984 970 1069 pluris
999 986 1276 1069 lepores,
1310 990 1459 1047 uter
1488 985 1725 1049 educet
1752 1008 1983 1071 apros3

311 1100 458 1159 utra
485 1097 698 1181 magis
729 1098 939 1181 pisces
972 1106 1038 1161 et
1070 1097 1334 1161 echinos
1365 1117 1647 1183 aequora
1677 1100 1911 1177 celent,

311 1208 573 1293 pinguis
604 1218 679 1273 ut
704 1210 861 1274 inde
890 1209 1156 1274 domum
1184 1210 1428 1294 possim
1461 1210 1852 1297 Phaeaxque
1882 1214 2147 1291 reverti,

311 1322 594 1387 scribere
627 1330 692 1387 te
722 1323 934 1401 nobis,
967 1323 1091 1387 tibi
1120 1346 1241 1385 nos
1271 1323 1612 1387 accredere
1643 1346 1763 1407 par
1791 1332 1912 1389 est.

312 1434 634 1514 Maenius,
667 1443 742 1500 ut
770 1437 967 1499 rebus
997 1436 1309 1500 maternis
1339 1443 1537 1521 atque
1569 1438 1858 1520 paternis

308 1550 565 1614 fortiter
594 1551 958 1635 absumptis
989 1552 1276 1613 urbanus
1305 1550 1522 1634 coepit
1550 1549 1799 1627 haberi,

311 1684 530 1727 scurra
559 1686 791 1748 vaguS,
821 1684 954 1727 non
990 1663 1100 1747 qui
1131 1670 1381 1725 certum
1412 1684 1723 1747 praesepe
1754 1669 2031 1740 teneret,

308 1775 652 1860 inpransus
681 1799 812 1839 non
845 1777 957 1861 qui
987 1776 1197 1839 civem
1227 1774 1598 1839 dinosceret
1626 1776 1838 1853 hoste,

312 1889 638 1973 quaelibet
665 1890 734 1952 in
767 1890 1062 1974 quemvis
1094 1888 1444 1973 obprobria
1473 1888 1721 1973 fingere
1754 1910 2009 1965 saevuS‚

308 2002 628 2085 pernicies
659 2008 728 2065 et
755 2010 1112 2088 tempestas
1143 2001 1652 2085 barathrumque
1683 2002 1956 2078 macelli,

310 2113 618 2199 quicquid
652 2116 1038 2200 quaesierat,
1069 2114 1286 2178 ventri
1318 2112 1593 2176 donaret
1622 2136 1839 2190 avam,

306 2227 412 2290 hic
441 2228 556 2290 ubi
587 2228 918 2313 nequitiae
949 2226 1311 2290 fautoribus
1343 2233 1412 2288 et
1441 2226 1687 2289 timidis
1716 2226 1809 2288 nil

306 2346 420 2403 aut
451 2341 714 2425 paulum
745 2340 1127 2417 abstulerat,
1159 2339 1414 2422 patinas
1445 2339 1724 2402 cenabat
1754 2338 1979 2415 omasi,

303 2452 451 2516 vilis
486 2459 553 2515 et
583 2453 886 2537 agninae,
921 2452 1133 2515 tribus
1163 2452 1330 2513 ursis
1365 2450 1536 2536 quod
1570 2451 1727 2514 satis
1759 2458 1971 2527 esset;

307 2566 554 2630 scilicet
580 2573 658 2629 ut
683 2573 950 2629 ventres
979 2566 1196 2628 lamna
1225 2564 1546 2627 candente
1576 2571 1890 2649 nepotum

305 2678 553 2743 diceret
581 2678 863 2742 urendos
893 2684 1220 2741 corrector
1248 2676 1532 2741 Bestius.
1636 2676 1811 2740 idem

307 2790 613 2876 quicquid
645 2797 787 2854 erat
813 2797 1045 2854 nactus
1076 2790 1356 2874 praedae
1385 2788 1671 2866 maioris,
1706 2790 1817 2852 ubi
1850 2810 2040 2853 omne

300 2909 592 2967 verterat
619 2904 690 2966 in
717 2902 968 2966 fumum
999 2910 1068 2966 et
1096 2902 1404 2979 cinerem,
1439 2906 1459 2935 ‘
1488 2924 1621 2965 non
1654 2902 1917 2965 hercule
1948 2903 2177 2965 miror'

303 3014 541 3094 aiebat,
575 3020 594 3049 ‘
626 3016 682 3078 si
714 3016 825 3101 qui
855 3014 1207 3078 comedunt
1236 3016 1428 3093 bona,
1459 3036 1608 3078 cum
1640 3013 1728 3077 sit
1758 3013 1955 3077 obeso

303 3128 395 3190 nil
425 3127 654 3191 melius
684 3126 901 3206 tarde,
930 3127 1024 3190 nil
1053 3128 1248 3190 volva
1276 3126 1607 3211 pulchrius
1636 3126 1903 3209 ampla'.

304 3240 609 3303 nimirum
637 3240 743 3303 hic
775 3261 900 3325 ego
931 3261 1096 3303 sum.
1201 3260 1352 3301 nam
1383 3243 1528 3300 tuta
1558 3243 1627 3300 et
1653 3236 1925 3320 parvula
1950 3236 2166 3312 laud0,

303 3374 449 3415 cum
479 3374 585 3415 res
615 3351 950 3429 deficiunt,
983 3350 1144 3415 satis
1171 3349 1346 3412 inter
1375 3348 1532 3411 vilia
1561 3347 1785 3411 fortis:

303 3488 530 3529 verum
561 3464 676 3528 ubi
709 3464 864 3549 quid
894 3464 1128 3529 melius
1157 3460 1488 3544 contingit
1518 3468 1587 3524 et
1616 3458 1902 3537 unctius,
1932 3458 2109 3521 idem

305 3600 423 3641 vos
453 3599 678 3662 sapere
710 3584 778 3641 et
807 3578 978 3641 solos
1006 3575 1108 3639 aio
1138 3576 1308 3639 bene
1336 3572 1586 3650 vivere,
1622 3592 1897 3656 quorum

305 3690 701 3775 conspicitur
726 3689 954 3753 nitidis
983 3686 1253 3751 fundata
1281 3686 1559 3771 pecunia
1588 3682 1781 3747 villis.

2392 246 2515 311 337

2451 1356 2514 1403 ²5

2454 1918 2519 1965 30

2452 2480 2515 2528 35

2443 3602 2515 3649 45
