3109 4817
1179 238 1772 305 SERMONUM
1840 241 1877 304 I
1950 242 2026 304 10

479 416 582 475 est
609 410 934 477 brevitate
965 435 1150 498 opus,
1181 420 1260 478 ut
1286 422 1504 479 currat
1533 415 1881 493 sententia,
1911 437 2044 479 neu
2072 438 2143 480 se

475 521 792 608 impediat
819 526 1040 590 verbis
1069 528 1270 591 lassas
1301 527 1723 593 onerantibus
1752 550 1941 592 aures
1967 553 1985 604 3

477 643 545 699 et
573 658 870 702 sermone
901 661 1064 724 opus
1095 645 1197 703 est
1215 640 1410 703 modo
1442 639 1638 717 tristi,
1670 662 1865 725 saepe
1896 640 2138 719 iocoso,

475 748 868 814 defendente
897 750 1110 815 vicem
1137 751 1332 815 modo
1361 751 1643 816 rhetoris
1672 760 1869 838 atque
1898 758 2153 838 poetae,

475 860 806 926 interdum
835 862 1089 942 urbani,
1121 863 1450 949 parcentis
1479 864 1731 929 viribus
1760 871 1957 951 atque

477 976 890 1041 extenuantis
926 998 1034 1040 eas
1065 978 1382 1041 consulto,
1486 977 1833 1057 ridiculum
1862 977 1996 1041 acri

473 1088 705 1152 fortius
735 1095 805 1153 et
832 1088 1062 1153 melius
1095 1112 1368 1175 magnas
1398 1090 1781 1176 plerumque
1812 1096 1991 1153 secat
2020 1112 2145 1155 res.

473 1200 589 1279 illi,
621 1201 862 1286 scripta
893 1201 1128 1286 quibus
1158 1202 1492 1266 comoedia
1520 1202 1735 1287 prisca
1762 1202 1920 1267 viris
1952 1209 2075 1281 est,

473 1312 597 1377 hoc
627 1314 911 1393 stabant,
941 1315 1064 1378 hoc
1095 1322 1250 1379 sunt
1281 1314 1617 1379 imitandi:
1668 1336 1829 1399 quos
1858 1336 2073 1399 neque
2103 1316 2375 1400 pulcher

476 1424 930 1511 Hermogenes
960 1449 1268 1513 umquam
1297 1427 1484 1511 legit,
1513 1449 1728 1513 neque
1760 1427 1985 1491 simius
2012 1428 2141 1491 iste

476 1538 570 1601 nil
600 1545 858 1623 praeter
893 1539 1165 1604 Calvum
1195 1547 1264 1604 et
1293 1541 1524 1603 doctus
1553 1546 1816 1604 cantare
1852 1539 2196 1606 Catullum.

479 1655 499 1684 ‘
517 1657 588 1714 at
615 1674 930 1737 magnum
958 1652 1116 1718 fecit
1147 1651 1320 1739 quod
1348 1652 1571 1717 verbis
1608 1653 1855 1717 Graeca
1889 1652 2143 1717 Latinis

478 1763 799 1828 miscuit’.
906 1787 945 1829 o
975 1765 1103 1829 seri
1134 1764 1521 1842 studiorum,
1560 1765 1755 1849 quine
1785 1765 2032 1849 putetis

477 1876 736 1941 difficile
766 1884 837 1942 et
861 1879 1120 1957 mirum,
1150 1878 1408 1942 Rhodio
1442 1878 1618 1963 quod
1646 1877 2047 1941 Pitholeonti

476 1989 806 2075 contigit?
861 1996 881 2025 ‘
904 1998 974 2055 at
1003 2013 1214 2055 sermo
1243 1990 1470 2076 lingua
1499 1990 1854 2054 concinnus
1884 1996 2166 2075 utraque

477 2102 758 2180 suavior,
790 2109 866 2167 ut
899 2102 1063 2168 Chio
1091 2109 1249 2166 nota
1278 2103 1336 2166 si
1363 2102 1717 2167 commixta
1748 2101 2008 2165 Falerni
2037 2108 2141 2166 est
2159 2103 2201 2167 ’.

477 2235 624 2277 cum
652 2236 882 2280 versus
914 2216 1133 2294 facias,
1165 2222 1233 2279 te
1264 2216 1482 2301 ipsum
1512 2221 1880 2300 percontor,
1912 2236 1997 2277 an
2028 2220 2097 2278 et
2124 2236 2274 2277 cum

481 2326 642 2390 dura.
669 2327 795 2391 tibi
823 2328 1201 2413 peragenda
1229 2329 1325 2393 rei
1353 2328 1443 2391 sit
1471 2350 1667 2391 causa
1695 2326 1915 2391 Petilli
1942 2328 1969 2391 ?

479 2439 724 2504 scilicet
754 2440 992 2505 oblitos
1020 2440 1398 2525 patriaeque
1429 2440 1763 2525 pau-isque
1794 2438 2036 2518 Latini,

476 2573 625 2615 cum
654 2552 895 2617 Pedius
926 2575 1150 2618 causas
1186 2553 1430 2617 exudet
1458 2552 1795 2617 Publicola.
1822 2558 2021 2638 atque

484 2665 828 2745 CorvinuS,
860 2667 1088 2753 patriis
1116 2668 1565 2732 intermiscere
1592 2667 1801 2751 petita

479 2781 680 2844 verba·
707 2780 864 2844 foris
892 2781 1101 2859 malie,
1137 2779 1446 2845 Canusini
1474 2801 1655 2843 more
1684 2778 2045 2864 bilinguis?

479 2900 676 2979 atque
707 2914 832 2979 ego
861 2916 1012 2958 cum
1043 2894 1322 2958 Graecos
1350 2894 1654 2970 facerem,
1684 2899 1879 2956 natus
1909 2914 2088 2956 mare
2118 2892 2305 2971 citra,

479 3007 856 3084 versiculos,
886 3007 1101 3071 vetuit
1127 3028 1235 3070 me
1265 3006 1381 3070 tali
1410 3027 1574 3069 voce
1608 3004 1940 3085 QuirinuS‚

481 3125 632 3203 post
658 3119 941 3183 mediam
968 3126 1230 3183 noctem
1258 3119 1440 3183 visus
1444 3168 1463 3197 ,
1497 3140 1648 3182 cum
1678 3117 1929 3182 somnia
1957 3138 2135 3194 vera,

482 3234 503 3264 ‘
520 3231 590 3295 in
620 3232 851 3296 silvam
879 3254 1012 3295 non
1040 3232 1224 3317 ligna.
1251 3233 1421 3296 feras
1451 3231 1744 3295 insanius
1774 3251 1849 3292 ac
1880 3228 1936 3293 si

480 3366 751 3428 magnas
783 3344 1174 3408 Graecorum
1203 3344 1390 3407 melis
1417 3343 1669 3426 inplere
1700 3342 2026 3405 catervas’
2036 3390 2051 3405 .

479 3456 782 3541 turgidus
811 3456 1094 3540 Alpinus
1117 3456 1374 3541 iugulat
1401 3453 1559 3517 dum
1590 3454 1947 3517 Memnona
1980 3453 2273 3538 dumque

481 3568 759 3653 defingit
787 3567 1002 3632 Rheni
1029 3570 1282 3633 luteum
1311 3573 1530 3651 caput,
1564 3566 1725 3629 haec
1760 3586 1884 3649 ego
1915 3564 2095 3643 ludo,

483 3703 647 3766 quae
674 3703 888 3767 neque
916 3682 986 3744 in
1017 3680 1178 3745 aede
1209 3685 1444 3745 sonent
1473 3678 1791 3742 certantia
1818 3676 2031 3741 iudice
2061 3676 2294 3761 Tarpa,

480 3814 602 3857 nec
630 3794 903 3858 redeant
928 3794 1168 3857 iterum
1197 3799 1394 3877 atque
1423 3791 1663 3855 iterum
1694 3790 2047 3875 spectanda
2076 3789 2371 3853 theatris.

481 3914 717 3991 arguta
744 3908 1086 3971 meretrice
1113 3913 1302 3991 potes
1335 3904 1651 3990 Davoque
1686 3903 2033 3967 Chremeta

487 4020 791 4084 eludente
823 4042 1047 4084 senem
1076 4018 1278 4083 comis
1309 4016 1556 4103 garrire
1586 4017 1845 4081 libellos

2564 242 2685 306 263

2622 1120 2680 1169 ις

2626 2810 2691 2857 30

2632 3368 2693 3420 35

2625 3928 2694 3977 40
