3109 4817
581 189 711 254 240
1462 191 1941 257 HORATII

577 365 690 448 qui
719 372 980 429 teneros
1012 365 1226 429 caules
1255 365 1452 430 alieni
1481 367 1757 453 fregerit
1783 367 1959 431 horti

575 483 644 540 et
675 478 786 562 qui
815 485 1174 542 nocturnus
1203 501 1386 543 sacra
1413 479 1642 544 divum
1670 480 1929 565 legerit.
2031 481 2209 546 adsit

573 592 824 676 regula,
856 591 1140 676 peccatis
1172 613 1338 676 quae
1365 614 1612 677 poenas
1639 592 1892 678 irroget
1918 615 2183 679 aequas,

574 726 661 767 ne
691 703 937 769 scutica
963 704 1240 790 dignum
1268 704 1564 769 horribili
1592 712 1843 770 sectere
1872 706 2154 790 flagello.

573 838 727 880 nam
758 823 833 881 ut
861 816 1066 880 ferula
1095 817 1328 882 caedas
1357 817 1668 882 meritum
1696 818 1942 882 maiora
1970 819 2190 883 subire
2692 849 2714 883 ι
2728 848 2794 883 20

572 931 848 994 verbera
876 950 1010 994 non
1038 952 1291 1008 vereor,
1323 952 1472 994 cum
1501 931 1682 995 dicas
1712 953 1855 996 esse
1886 953 2075 1016 pares
2104 953 2209 996 res

570 1045 745 1108 furta
770 1042 1124 1108 latrociniis
1155 1050 1226 1107 et
1251 1044 1509 1129 magnis
1538 1066 1742 1129 parva
1770 1043 2036 1109 mineris

568 1157 730 1220 falce
759 1156 1116 1220 recisurum
1146 1155 1342 1220 simili
1370 1163 1460 1236 te,
1493 1157 1550 1220 si
1581 1157 1704 1221 tibi
1730 1179 2013 1241 regnum

568 1269 955 1355 permittant
981 1269 1300 1334 homines.
1403 1269 1461 1333 si
1490 1269 1701 1349 dives,
1735 1269 1848 1356 qui
1878 1270 2137 1354 sapiens
2169 1277 2292 1349 est,

569 1389 638 1446 et
667 1390 850 1446 sutor
881 1383 1092 1447 bonus
1122 1390 1192 1447 et
1219 1382 1396 1446 solus
1424 1383 1746 1446 formosus
1777 1389 1847 1446 et
1876 1389 1979 1447 est
2005 1404 2145 1462 rex,
2686 1413 2785 1460 ης

569 1517 686 1559 cur
718 1502 908 1580 optas
942 1494 1119 1580 quod
1150 1495 1404 1560 habes?
1453 1500 1474 1530 ‘
1492 1517 1628 1559 non
1654 1495 1833 1559 nosti
1864 1493 2021 1580 quid
2050 1496 2270 1580 pater'
2299 1493 2516 1580 inquit

572 1612 592 1641 ‘
617 1607 1020 1692 Chrysippus
1049 1607 1244 1672 dicat.
1351 1607 1611 1694 sapiens
1641 1607 1937 1692 crepidas
1968 1607 2094 1672 sibi
2120 1629 2478 1694 numquam

568 1742 691 1785 nec
720 1722 927 1785 soleas
956 1720 1146 1784 fecit:
1193 1727 1379 1786 sutor
1407 1727 1629 1785 tamen
1660 1728 1764 1785 est
1792 1720 2105 1805 sapiens'.
2184 1720 2344 1806 qui?

571 1840 688 1899 ‘ut
717 1835 1013 1920 quamvis
1042 1841 1218 1899 tacet
1246 1835 1726 1921 Hermogenes,
1760 1841 1987 1899 cantor
2016 1842 2235 1899 tamen
2264 1842 2461 1921 atque

569 1948 855 2033 optimus
885 1954 988 2012 est
1015 1947 1421 2026 modulator3
1467 1955 1544 2012 ut
1572 1947 1850 2012 Alfenus
1878 1947 2083 2026 vafer,
2116 1947 2295 2012 omni
2684 1979 2705 2012 ι
2722 1979 2787 2025 30

567 2061 823 2125 abiecto
844 2061 1282 2126 instrumento
1311 2061 1472 2126 artis
1505 2062 1852 2145 clausaque
1883 2062 2177 2138 taberna,

567 2179 793 2238 tonsor
821 2182 999 2252 erat3
1045 2174 1306 2259 sapiens
1335 2173 1553 2259 operis
1584 2173 1679 2238 sic
1707 2173 1995 2259 optimus
2022 2173 2236 2238 omnis

568 2293 671 2352 est
699 2285 918 2372 opifex
953 2288 1151 2366 solue,
1185 2287 1278 2352 sic
1306 2288 1479 2352 rex'.
1531 2287 1787 2351 vellunt
1815 2285 1939 2351 tibi
1967 2286 2238 2351 barbam

563 2400 791 2464 lascivi
818 2399 1041 2484 pueri3
1090 2421 1252 2486 quos
1288 2407 1364 2464 tu
1390 2399 1519 2464 nisi
1548 2401 1721 2464 fuste
1750 2420 2031 2477 coerces,

565 2514 820 2598 urgeris
851 2514 1045 2578 turba
1073 2513 1315 2597 circum
1345 2519 1412 2578 te
1443 2519 1685 2591 stante,
1715 2513 2042 2596 miserque
2681 2541 2701 2575 ι
2716 2541 2741 2588 3
2752 2541 2779 2590 ς

564 2627 884 2712 rumperis
914 2633 984 2690 et
1011 2627 1231 2706 latras,
1263 2648 1652 2712 magnorum
1680 2626 1963 2690 maxime
1990 2645 2246 2709 regum.

562 2761 648 2804 ne
676 2742 949 2824 longum
979 2739 1245 2805 faciam:
1290 2740 1450 2803 dum
1479 2749 1555 2806 tu
1586 2739 1941 2825 quadrante
1969 2739 2258 2802 lavatum

563 2875 682 2918 rex
708 2853 837 2917 ibis
863 2874 1080 2939 neque
1111 2861 1178 2917 te
1212 2853 1552 2940 quisquam
1584 2852 1861 2937 stipator
1886 2851 2186 2935 ineptum

563 2973 824 3052 praeter
856 2966 1225 3052 Crispinum
1255 2966 1635 3045 sectabitur,
1668 2971 1737 3029 et
1762 2963 1925 3028 mihi
1952 2963 2176 3027 dulces

561 3080 927 3165 ignoscent,
960 3079 1176 3166 siquid
1203 3101 1474 3165 peccaro
1505 3079 1768 3157 stultus,
1800 3076 2011 3156 amici,
2679 3102 2780 3150 140

561 3193 760 3278 inque
788 3193 1000 3256 vicem
1027 3192 1286 3257 illorum
1315 3192 1528 3277 patiar
1552 3191 1794 3255 delicta
1818 3190 2124 3268 libenter,

561 3306 986 3392 privatusque
1015 3305 1226 3391 magis
1254 3305 1476 3370 vivam
1507 3310 1575 3369 t'e
1604 3325 1765 3389 rege
1794 3303 2046 3367 beatus.
