3109 4817
490 171 613 235 372
1346 169 1798 236 HORATII

486 347 783 411 versibus
812 345 1147 431 impariter
1174 347 1414 410 iunctis
1447 349 1850 433 querimonia
1878 351 2181 433 primum,

488 466 639 541 post
668 459 862 523 etiam
892 459 1141 523 inclusa
1170 466 1271 523 est
1300 460 1440 523 voti
1470 460 1800 524 sententia
1829 483 2113 546 compos.

490 571 635 655 quis
665 580 885 636 tamen
916 573 1191 658 exiguos
1222 573 1445 658 elegos
1477 574 1768 636 emiserit
1797 582 2043 654 auctor,

482 685 890 767 grammatici
919 690 1173 748 certant
1199 692 1269 749 et
1295 685 1507 748 adhuc
1538 685 1660 748 sub
1688 685 1902 750 iudice
1931 686 2010 750 lis
2042 697 2164 751 est.

486 797 947 861 Archilochum
976 798 1237 882 proprio
1266 797 1478 862 rabies
1508 799 1788 862 armavit
1815 798 2067 863 iambo:

485 910 657 973 hunc
686 910 855 974 socci
885 932 1115 996 cepere
1144 909 1378 995 pedem
1408 911 1820 997 grandesque
1851 913 2174 990 cothurni,

482 1022 750 1086 alternis
785 1029 1011 1108 aptum
1040 1022 1445 1086 sermonibus
1476 1028 1545 1086 et
1575 1023 1904 1107 popularis

486 1135 858 1200 vincentem
888 1135 1201 1219 strepitus
1232 1141 1300 1198 et
1327 1141 1555 1198 natum
1584 1135 1778 1199 rebus
1809 1137 2102 1220 agendis.

482 1270 669 1312 musa
698 1247 881 1312 dedit
906 1247 1143 1312 fidibus
1173 1247 1359 1311 divos
1390 1268 1757 1332 puerosque
1787 1247 2056 1312 deorum

486 1369 555 1423 et
583 1360 873 1445 pugilem
904 1361 1219 1423 victorem
1250 1366 1319 1423 et
1348 1381 1588 1444 equum
1617 1360 1972 1425 certamine
2002 1362 2280 1446 primum

482 1481 555 1538 et
580 1474 890 1537 iuvenum
926 1495 1110 1536 curas
1141 1480 1209 1536 et
1238 1472 1442 1536 libera
1469 1473 1624 1537 vina
1653 1474 1916 1538 referre.

480 1586 841 1671 descriptas
871 1606 1127 1649 servare
1157 1585 1333 1649 vices
1364 1606 1762 1671 operumque
1791 1587 2037 1651 colores

480 1722 599 1764 cur
628 1721 752 1785 ego
784 1699 839 1762 si
867 1720 1122 1784 nequeo
1151 1698 1533 1782 ignoroque,
1569 1705 1763 1782 poeta
1793 1700 2086 1765 salutor?

482 1835 599 1876 cur
624 1813 873 1876 nescire
903 1812 1158 1896 pudens
1189 1831 1388 1894 prave
1427 1831 1621 1896 quam
1651 1810 1901 1876 discere
1933 1815 2152 1878 malo?

484 1925 781 1990 versibus
814 1923 1051 2008 exponi
1082 1923 1347 2008 tragicis
1377 1945 1481 1986 res
1513 1923 1760 1986 comica
1786 1945 1920 1988 non
1955 1927 2129 1990 vult:

482 2039 863 2122 indignatur
890 2038 1047 2100 item
1079 2035 1351 2120 privatis
1379 2057 1453 2098 ac
1484 2057 1688 2120 prope
1721 2058 1908 2101 socco

482 2152 701 2238 dignis
732 2150 1123 2214 carminibus
1151 2148 1398 2212 narrari
1429 2170 1590 2211 cena
1619 2147 1965 2233 Thyestae.

484 2265 739 2350 singula
770 2284 1064 2348 quaeque
1095 2262 1305 2325 locum
1338 2268 1608 2324 teneant
1637 2261 1868 2326 sortita
1895 2263 2257 2328 decentem.

481 2377 813 2442 interdum
843 2384 1060 2440 tamen
1093 2383 1161 2438 et
1190 2396 1418 2438 vocem
1446 2375 1784 2438 comoedia
1813 2376 2006 2453 tollit,

480 2491 813 2574 iratusque
849 2488 1157 2552 Chremes
1190 2487 1441 2551 tumido
1472 2487 1778 2573 delitigat
1807 2510 1916 2552 ore
1938 2514 1956 2565 3

482 2610 551 2667 et
580 2602 865 2687 tragicus
896 2603 1277 2686 plerumque
1306 2599 1488 2663 dolet
1516 2621 1814 2664 sermone
1844 2601 2132 2684 pedestri

482 2715 803 2798 Telephus
836 2720 903 2778 et
932 2713 1186 2790 Peleus,
1216 2735 1364 2776 cum
1394 2733 1644 2796 pauper
1672 2719 1742 2776 et
1770 2715 1918 2776 exul
1951 2721 2224 2800 uterque

482 2827 718 2912 proicit
745 2826 1060 2912 ampullas
1091 2832 1161 2888 et
1189 2823 1666 2910 sesquipedalia
1693 2826 1919 2903 verba,

480 2941 537 3005 si
566 2946 749 3004 curat
779 2960 891 3002 cor
920 2937 1273 3022 spectantis
1304 2935 1604 3020 tetigisse
1637 2938 1940 3022 querella.

368 3127 374 3140 ,
479 3075 611 3117 non
642 3052 800 3118 satis
832 3059 934 3116 est
962 3051 1230 3136 pulchra
1259 3071 1400 3113 esse
1432 3056 1768 3133 poemata:
1813 3049 2029 3113 dulcia
2057 3057 2250 3114 sunto

480 3174 551 3230 et
582 3185 987 3252 quocumque
1015 3163 1241 3227 volent
1268 3161 1555 3224 animum
1583 3159 1897 3226 auditoris
1926 3169 2196 3246 agunt0.

480 3279 951 3372 ut‘ridentibus
983 3276 1293 3352 arrident,
1324 3276 1418 3337 ita
1447 3273 1756 3338 flentibus
1786 3275 2026 3339 adsunt

481 3390 746 3456 humani
776 3391 1018 3454 vultus.
1122 3388 1177 3452 si
1206 3388 1306 3451 vis
1336 3409 1441 3450 me
1473 3386 1650 3463 flere,
1683 3385 2034 3451 dolendum
2065 3395 2166 3452 est

477 3505 759 3590 primum
789 3502 916 3586 ipsi
949 3501 1107 3565 tibi:
1156 3506 1297 3563 tum
1326 3506 1439 3563 tua
1468 3520 1574 3562 me
1603 3499 1960 3562 infortunia
1987 3501 2268 3601 laedent,

478 3617 762 3701 Telephe
791 3616 897 3679 vel
931 3613 1162 3677 Peleu:
1208 3612 1374 3675 male
1406 3611 1462 3674 si
1490 3611 1798 3674 mandata
1827 3613 2133 3698 loqueris,

476 3738 591 3794 aut
615 3727 982 3791 dormitabo
1014 3733 1129 3788 aut
1156 3723 1405 3787 rideb0.
1510 3722 1724 3788 tristia
1751 3732 2074 3789 maestum

475 3844 729 3906 vultum
761 3841 965 3903 verba
992 3837 1249 3913 decent,
1282 3835 1519 3898 iratum
1551 3835 1746 3919 plena
1773 3835 2118 3916 minarum,

472 3955 805 4018 ludentem
835 3950 1094 4027 lasci-va,
1138 3969 1436 4012 severum
1471 3946 1638 4010 seria
1667 3947 1868 4010 dictu.

2625 377 2689 425 75

2623 929 2689 976 80

2621 2635 2686 2683 95

2591 3197 2685 3230 ¹00

2585 3763 2682 3810 ¹05
