3109 4817
589 191 714 255 310
1459 188 1898 253 HORATII

611 2294 1136 2493 TROIANI
1165 2302 1318 2366 belli
1347 2303 1750 2385 scriptorem,
1782 2298 2069 2363 Maxime
2101 2300 2288 2378 Lolli,

851 2417 1006 2479 dum
1036 2422 1110 2479 tu
1138 2416 1457 2479 declamas
1486 2415 1753 2492 Romae,
1786 2413 2135 2478 Praeneste
2164 2411 2402 2497 relegi:

607 2528 721 2614 qui
752 2528 908 2612 quid
941 2527 1027 2591 eit
1054 2527 1422 2611 pulchrum,
1454 2527 1614 2611 quid
1645 2533 1857 2610 turpe,
1892 2525 2050 2611 quid
2080 2525 2260 2603 utile,
2294 2522 2452 2609 quid
2481 2544 2639 2600 non,

606 2640 862 2726 planius
889 2663 964 2703 ac
995 2640 1225 2704 melius
1260 2639 1623 2724 Chrysippo
1655 2645 1723 2703 et
1756 2638 2066 2703 Crantore
2095 2636 2273 2701 dicit.

608 2774 725 2816 cur
753 2751 844 2816 ita
873 2752 1277 2830 crediderim,
1307 2751 1433 2815 nisi
1466 2752 1623 2837 quid·
1654 2758 1719 2815 te
1749 2752 2023 2830 detinet,
2055 2750 2229 2814 audi.

606 2866 843 2943 fabula,
877 2886 1005 2949 qua
1035 2864 1283 2927 Paridis
1313 2871 1581 2949 propter
1609 2872 1910 2927 narratur
1939 2885 2225 2927 amorem

608 2978 873 3042 Graecia
902 2976 1248 3040 Barbariae
1275 2977 1453 3041 lento
1484 2976 1705 3040 collisa
1733 2977 1951 3039 duello
1956 3025 1975 3054 ,
2067 2961 2079 2972 ⁰

609 3092 954 3155 stultorum
983 3111 1214 3173 regum
1244 3095 1313 3152 et
1339 3089 1726 3174 populorum
1757 3090 2050 3152 continet
2076 3095 2318 3152 aestus,

609 3204 908 3267 Antenor
935 3211 1157 3266 censet
1184 3201 1339 3265 belli
1368 3202 1739 3286 praecidere
1770 3224 2057 3266 causam.

612 3315 767 3401 quid
796 3314 1024 3377 Paris?
1071 3321 1149 3378 ut
1178 3314 1393 3377 salvus
1421 3321 1659 3399 regnet
1684 3313 1995 3399 vivatque
2023 3315 2278 3391 beatuS,

613 3428 762 3513 cogi
790 3448 978 3511 posse
1007 3433 1228 3511 negat.
1329 3425 1575 3490 Nestor
1602 3448 1988 3511 componere
2014 3426 2163 3489 lites

609 3542 785 3605 inter
814 3540 1082 3605 Peliden
1111 3540 1378 3604 festinat
1406 3546 1474 3603 et
1500 3540 1674 3603 inter
1702 3539 2019 3603 Atriden:

613 3654 789 3718 hunc
818 3675 1019 3731 amor,
1048 3652 1145 3715 ira
1174 3652 1440 3737 quidem
1470 3652 1901 3716 communiter
1930 3652 2065 3715 urit
2090 3657 2461 3736 utrumque.

620 3765 931 3852 quicquid
960 3764 1239 3828 delirant
1266 3786 1478 3849 regeS,
1512 3765 1892 3849 plectuntur
1914 3763 2173 3828 Achivi.

622 3878 958 3954 seditione,
989 3876 1177 3954 dolie,
1210 3878 1449 3940 scelere
1478 3883 1675 3962 atque
1703 3877 1973 3940 libidine
2004 3883 2072 3939 et
2098 3875 2196 3939 ira

624 3991 855 4055 Iliacos
887 3990 1059 4053 intra
1086 4011 1305 4053 muros
1335 3996 1642 4074 peccatur
1671 3997 1739 4053 et
1768 3995 1970 4053 extra.

2750 3343 2815 3378 10
