3109 4817
930 291 1687 357 EPISTULARUM
1758 294 1791 355 Ι
1865 296 1942 357 19

325 471 549 546 bilem,
582 489 775 552 saepe
804 468 1022 531 iocum
1054 468 1257 532 vestri
1287 490 1552 532 movere
1578 470 1904 532 tumultus
1929 471 1941 533 !

325 583 532 646 libera
561 604 678 667 per
707 603 988 644 vacuum
1019 581 1205 665 posui
1236 582 1519 665 vestigia
1548 583 1874 666 princeps»,

326 717 462 759 non
491 694 702 757 aliena
731 715 878 758 meo
910 695 1119 777 pressi
1148 694 1336 777 pede.
1444 695 1560 779 qni
1590 694 1714 757 sibi
1744 694 1910 771 fidit,

328 808 467 870 dux
495 807 671 892 regit
702 828 997 871 examen.
1090 805 1313 870 Parios
1345 827 1469 892 ego
1501 807 1753 891 primus
1781 808 2033 870 iambos

330 919 588 984 ostendi
621 919 833 996 Latio,
865 940 1173 982 numeros
1204 920 1586 1005 animosque
1618 928 1881 984 secutus

331 1032 727 1109 Archilochi,
760 1053 893 1094 non
923 1054 1028 1095 res
1060 1038 1128 1094 et
1155 1033 1421 1116 agentia
1449 1033 1653 1096 verba
1683 1031 2079 1115 Lycamben.

330 1168 405 1209 ac
434 1167 518 1209 ne
549 1168 653 1208 me
684 1145 853 1208 foliis
882 1145 1032 1208 ideo
1062 1144 1474 1208 brevioribus
1506 1166 1719 1223 ornes,

334 1261 511 1345 quod
542 1258 735 1323 timui
764 1265 1017 1322 mutare
1050 1259 1275 1321 modos
1307 1266 1376 1322 et
1403 1259 1707 1321 carminis
1738 1266 1968 1336 artem,

332 1379 657 1457 temperat
685 1371 1062 1435 Archilochi
1093 1394 1347 1435 musam
1379 1373 1545 1456 pede
1579 1373 1865 1434 mascula
1900 1371 2182 1454 Sappho,

334 1492 659 1570 temperat
687 1485 991 1563 Alcaeus,
1030 1485 1145 1548 sed
1174 1485 1373 1548 rebus
1406 1493 1474 1547 et
1504 1485 1729 1548 ordine
1761 1485 2001 1567 dispar,

334 1622 456 1663 nec
487 1621 784 1663 socerum
816 1598 1073 1683 quaerit
1103 1620 1300 1682 quem
1331 1597 1630 1660 versibus
1662 1598 1910 1660 oblinat
1939 1597 2118 1673 atris,

344 2981 466 3022 nec
494 2982 770 3044 sponsae
800 2961 1112 3045 laqueum
1143 2961 1394 3025 famoso
1428 2964 1715 3027 carmine
1746 2966 1972 3028 nectit.

345 3074 517 3136 hunc
549 3095 697 3158 ego,
729 3094 864 3137 non
893 3073 1018 3136 alio
1049 3073 1300 3137 dictum
1331 3076 1512 3160 prius
1544 3098 1676 3152 ore,
1710 3077 1985 3140 Latinus

346 3185 616 3270 vulgavi
644 3185 901 3250 fidicen.
1003 3187 1189 3250 iuvat
1217 3188 1647 3250 inmemorata
1676 3189 1993 3251 ferentem

346 3299 650 3385 ingenuis
682 3299 1013 3384 oculisque
1043 3300 1177 3383 legi
1208 3301 1638 3384 manibusque
1670 3301 1900 3363 teneri.

346 3413 511 3476 scire
540 3413 726 3490 velis,
757 3435 904 3476 mea
932 3435 1050 3475 cur
1078 3413 1378 3496 ingratus
1411 3413 1724 3496 opuscula
1752 3413 1957 3476 lector

346 3525 569 3588 laudet
597 3533 900 3611 ametque
931 3525 1130 3603 domi,
1163 3531 1418 3609 premat
1449 3531 1635 3588 extra
1664 3525 1862 3589 limen
1892 3525 2195 3610 iniquus:

347 3660 481 3701 non
514 3661 637 3723 ego
667 3645 979 3702 ventosae
1015 3638 1224 3723 plebis
1257 3638 1570 3724 suffragia
1599 3661 1803 3702 venor

349 3751 640 3835 inpensis
671 3772 981 3814 cenarum
1013 3758 1082 3814 et
1112 3750 1304 3813 tritae
1334 3773 1606 3813 munere
1637 3751 1840 3812 vestis
1862 3775 1879 3826 3

352 3885 487 3926 non
518 3885 643 3948 ego
672 3864 992 3927 nobilium
1024 3864 1413 3947 scriptorum
1445 3862 1708 3925 auditor
1738 3869 1806 3925 et
1833 3864 2011 3926 ultor

354 3978 811 4062 grammaticas
842 3977 1089 4041 ambire
1122 3977 1331 4040 tribus
1363 3985 1432 4041 et
1461 3975 1719 4062 pulpita
1748 3976 2005 4061 dignor.

357 4089 507 4151 hinc
536 4090 685 4152 illae
716 4090 1038 4154 lacrimae.
1147 4095 1166 4125 ‘
1191 4090 1418 4175 spissis
1448 4090 1722 4174 indigna
1753 4091 2024 4155 theatris

2410 296 2537 358 349

2485 1065 2547 1109 25

2488 1629 2549 1675 30

2501 3442 2560 3490 35

2501 4008 2570 4052 40
