3109 4817
626 257 744 320 148

1492 253 1934 319 HORATII

1021 426 1308 491 Hadriae
1336 427 1493 492 novi
1525 427 1706 491 sinus
1737 433 1806 491 et
1838 425 1992 511 quid
2022 426 2208 489 albus

1025 547 1255 625 peccet
1280 538 1501 624 iapyx,

1025 651 1311 717 hostium
1342 673 1579 716 uxores
1609 651 1924 738 puerique
1953 671 2179 714 caecos

938 855 945 866 .
1026 765 1315 832 sentiant
1342 769 1561 828 motus
1591 763 1861 830 orientis
1889 765 2095 828 austri
2125 769 2194 827 et

1026 877 1326 963 aequoris
1353 877 1531 962 nigri
1561 877 1893 941 fremitum
1917 883 1986 941 et
2014 877 2356 941 trementis

1029 991 1303 1056 verbere
1332 989 1528 1074 ripas.

1032 1102 1125 1168 sio
1155 1111 1224 1167 et
1252 1103 1512 1188 Europe
1540 1102 1807 1166 niveum
1837 1101 2062 1165 doloso

1035 1215 1315 1281 eredidit
1344 1222 1529 1280 tauro
1559 1216 1730 1279 latus
1761 1222 1830 1279 et
1858 1221 2218 1280 scatentem

1032 1327 1243 1394 beluis
1272 1335 1547 1413 pontum
1577 1327 1953 1412 mediasque
1983 1327 2242 1391 fraudes

1037 1442 1267 1526 palluit
1294 1440 1526 1505 audax.

1036 1576 1247 1639 nuper
1272 1552 1341 1617 in
1372 1554 1576 1638 pratis
1606 1554 1898 1618 studiosa
1927 1553 2158 1618 florum
2189 1561 2258 1616 et

1037 1667 1299 1730 debitae
1328 1665 1636 1750 nymphis
1666 1666 1886 1752 opifex
1916 1686 2212 1744 coronae,

1039 1787 1231 1844 nocte
1262 1779 1576 1868 sublustri
1602 1780 1765 1843 nihil
1793 1785 1972 1844 astra
1997 1785 2258 1865 praeter

1041 1892 1211 1957 vidit
1238 1898 1307 1956 et
1334 1891 1565 1958 undas.

1044 2026 1208 2090 quae
1238 2004 1431 2068 simul
1458 2010 1722 2068 centum
1752 2003 1976 2089 tetigit
2003 2009 2340 2089 potentem

1044 2115 1302 2204 oppidis
1336 2115 1597 2196 Creten,
1633 2121 1654 2152 ‘
1679 2123 1885 2202 pater,
1917 2138 1957 2181 o
1985 2116 2284 2182 relictum

1042 2230 1213 2294 filiae
1243 2250 1482 2293 nomen
1513 2229 1880 2314 pietasque’
1912 2229 2082 2293 dixit

1048 2346 1067 2375 ‘
1090 2341 1267 2406 victa
1293 2343 1547 2406 furore!

1045 2453 1221 2517 unde
1252 2475 1380 2539 quo
1407 2453 1615 2518 veni?
1682 2453 1848 2518 levis
1875 2476 2008 2518 una
2035 2475 2210 2518 mors
2239 2462 2344 2520 est

1047 2565 1378 2650 virginum
1407 2567 1657 2652 culpae.
1759 2565 2127 2651 vigilansne
2155 2568 2340 2652 ploro

1044 2685 1234 2762 turpe
1266 2679 1706 2758 commissum,
1737 2699 1822 2743 an
1852 2679 2030 2744 vitiis
2061 2687 2390 2745 carentem

1046 2790 1216 2854 ludit
1242 2791 1463 2876 imago

1048 2924 1239 2980 vana,
1272 2924 1437 2987 quae
1466 2908 1657 2988 porta
1683 2901 1944 2989 fugiens
1974 2904 2221 2969 eburna

1048 3014 1371 3078 somnium
1400 3015 1584 3080 ducit
1607 3015 1635 3080 ἲ
1699 3017 2016 3082 meliusne
2045 3016 2284 3082 fluctus

1050 3126 1146 3190 ire
1176 3147 1295 3211 per
1321 3127 1555 3213 longos
1586 3127 1732 3207 fuit,
1763 3151 1848 3191 an
1875 3136 2173 3193 recentes

1056 3261 1321 3324 carpere
1350 3240 1594 3305 flores?

1056 3351 1260 3437 siquis
1288 3350 1599 3415 infamem
1627 3352 1789 3416 mihi
1817 3376 1993 3418 nune
2021 3354 2370 3418 iuvencum

1055 3464 1255 3528 dedat
1280 3464 1519 3544 iratae„
1538 3466 1820 3531 lacerare
1849 3466 2020 3532 ferro
2050 3473 2120 3532 et

1058 3577 1359 3662 frangere
1391 3577 1602 3642 enitar
1630 3579 1823 3642 modo
1854 3579 2131 3645 multum
2161 3579 2360 3642 amati

1056 3710 1295 3753 cornua
1322 3690 1620 3756 monstri.

1058 3800 1405 3885 impudens
1434 3802 1596 3888 liqui
1627 3802 1869 3887 patrios
1899 3810 2170 3888 penates
2173 3851 2193 3882 ,

1056 3913 1403 3998 impudens
1432 3913 1678 3980 Orcum
1707 3937 1943 3980 moror.
2047 3937 2087 3980 o
2117 3915 2386 3979 deorum

1060 4025 1263 4111 siquis
1292 4026 1452 4091 haee
1480 4027 1690 4106 audis,
1721 4029 1970 4093 utinam
1999 4028 2176 4094 inter
2205 4049 2416 4093 errem

2781 2255 2834 2302 ³5

2781 3375 2840 3422 45

2791 3935 2845 3984 50
