3109 4817
976 193 1561 260 SERMONUM
1629 194 1665 257 I
1733 195 1796 271 6,
1861 196 1896 258 7

1401 1955 1541 2019 VII

562 2179 1046 2246 ROSCRIPTI
1077 2180 1281 2266 Regis
1313 2180 1535 2265 Rupili
1566 2202 1689 2265 pus
1718 2187 1916 2266 atque
1946 2202 2274 2245 venenum

399 2174 550 2372 P
607 2294 888 2379 hybrida
920 2315 1048 2379 quo
1079 2300 1270 2378 paeto
1301 2293 1388 2357 sit
1418 2292 1683 2357 Persius
1713 2294 1914 2371 ultus,
1949 2294 2181 2378 opinor

376 2408 680 2472 omnibus
710 2414 780 2472 eb
805 2406 1001 2491 lippis
1029 2412 1261 2469 notum
1291 2412 1359 2470 et
1388 2406 1761 2470 tonsoribus
1792 2427 1956 2470 esse.

376 2520 639 2585 Persius
668 2519 774 2583 hio
804 2540 1162 2604 permagna
1187 2518 1455 2604 negotia
1485 2519 1671 2583 dives
1699 2519 1985 2584 habebat

382 2631 807 2711 Clazomenis,
838 2633 1036 2696 etiam
1064 2632 1213 2695 libes
1244 2653 1390 2695 oum
1423 2631 1610 2717 Rege
1640 2632 1969 2710 molestae,

379 2744 583 2810 durus
612 2746 808 2809 homo
836 2752 1037 2830 atque
1068 2744 1217 2808 odio
1249 2744 1361 2829 qui
1388 2751 1614 2829 posset
1641 2744 1902 2809 vincere
1933 2745 2209 2832 Regem,

378 2858 711 2922 confidens
740 2856 1181 2943 tumidusque,
1212 2857 1375 2920 adeo
1406 2856 1720 2922 sermonis
1749 2858 1973 2936 amari,

384 2969 714 3049 Sisennae,
747 2970 985 3034 Barros
1015 2976 1091 3033 ut
1121 2969 1307 3055 equis
1335 2976 1783 3054 praecurreret
1810 2970 1995 3035 albis·

377 3083 464 3146 ad
494 3082 749 3168 Regem
776 3082 994 3147 rede0.
1096 3088 1443 3168 postquam
1472 3082 1635 3145 nihil
1663 3082 1838 3146 inber
1865 3090 2214 3170 utrumque

380 3195 689 3260 convenit
731 3195 877 3277 (hoo
906 3193 1150 3258 etenim
1180 3202 1336 3258 sunt
1366 3216 1591 3259 omnes
1619 3195 1762 3260 iure
1792 3197 2072 3275 molesti,

380 3329 511 3393 quo
540 3308 763 3386 fortes,
796 3307 1035 3394 quibus
1062 3307 1409 3371 adversum
1439 3307 1683 3371 bellum
1711 3307 1963 3373 incidit.
2065 3309 2240 3373 inter

382 3420 673 3485 Hectora
700 3420 1095 3498 Priamiden,
1125 3421 1488 3484 animosum
1516 3427 1716 3505 atque
1745 3421 1920 3485 inber
1948 3422 2270 3486 Achillem

381 3533 482 3596 ira
508 3534 634 3598 fuit
661 3533 976 3618 capitalis,
1007 3541 1085 3598 ut
1110 3532 1342 3597 ultima
1371 3532 1697 3597 divideret
1726 3555 1922 3612 mors,

382 3667 519 3709 non
546 3645 736 3709 aliam
765 3647 849 3710 ob
880 3664 1136 3709 eausam
1165 3645 1294 3709 nisi
1325 3646 1499 3731 quod
1528 3646 1740 3711 virtus
1769 3646 1839 3709 in
1869 3653 2145 3733 utroque

385 3779 640 3822 summa
666 3758 825 3823 fuit:
871 3758 1004 3822 duo
1033 3758 1088 3822 si
1117 3758 1440 3822 discordia
1473 3765 1673 3822 vexet
1700 3758 1967 3838 inertes,

384 3877 501 3933 aut
528 3869 583 3935 si
611 3870 982 3955 disparibus
1011 3872 1256 3936 bellum
1283 3869 1551 3948 incidat,
1585 3877 1660 3934 ut
1690 3870 1991 3937 Diomedi

384 4006 533 4047 eum
564 3983 766 4068 Lycio
797 3983 1060 4062 Glauo0‚
1093 3983 1386 4047 discedat
1412 3982 1683 4066 pigrior,
1715 3983 1886 4047 ultro

2441 193 2566 256 255
