3109 4817
499 227 623 290 260
1374 221 1841 288 HORATII

496 421 644 463 cum
674 397 940 482 gravius
970 397 1164 461 dorso
1196 396 1399 461 subiit
1428 417 1615 461 onus.
1717 395 1952 481 incipit
1978 396 2087 460 ille

497 516 518 546 ‘
541 510 598 576 si
627 512 795 575 bene
825 533 930 574 me
959 509 1136 588 novi,
1168 530 1301 573 non
1330 508 1604 574 Viscum
1633 509 1835 594 pluris
1865 509 2165 587 amicum,

494 646 625 688 non
657 622 929 704 Varium
959 622 1193 686 facies:
1238 645 1391 685 nam
1424 623 1570 707 quis
1599 645 1705 686 me
1736 622 2020 686 scribere
2049 623 2268 706 plures

498 745 613 801 aut
643 737 837 802 citius
871 736 1083 822 possit
1109 737 1390 800 versus?
1454 736 1599 821 quis
1628 736 1922 799 membra
1949 755 2214 799 movere

496 851 802 914 mollius?
862 850 1155 915 invideat
1185 847 1359 935 quod
1391 856 1459 912 et
1488 848 1945 932 Hermogenes
1975 868 2102 932 ego
2131 847 2381 911 canto’.
2638 875 2666 908 ι
2676 875 2703 923 5

494 963 951 1048 interpellandi
978 963 1158 1026 locus
1186 961 1293 1024 hic
1324 967 1497 1024 erat:
1548 965 1570 994 ‘
1589 966 1692 1024 est
1721 960 1843 1025 tibi
1871 967 2102 1038 mater,

498 1075 781 1160 cognati,
817 1075 960 1160 quis
991 1080 1058 1138 te
1089 1074 1268 1138 salvo
1299 1079 1402 1138 est
1430 1095 1594 1158 opus
1620 1073 1680 1137 ’.θ’
1725 1072 1899 1136 haud
1929 1073 2091 1136 mihi
2123 1073 2485 1158 quisquam.

499 1175 709 1252 omnis
739 1185 1131 1272 composui'.
1220 1190 1241 1220 ‘
1260 1187 1518 1250 felices!
1570 1208 1745 1249 nunc
1777 1207 1902 1270 ego
1932 1192 2130 1249 resto.

496 1301 772 1364 confice:
816 1322 1097 1385 namque
1126 1299 1331 1363 instat
1358 1299 1566 1362 fatum
1595 1298 1756 1361 mihi
1785 1298 1996 1376 triste,
2033 1298 2290 1364 Sabella

499 1413 673 1498 quod
702 1433 905 1497 puero
934 1411 1172 1476 cecinit
1198 1411 1422 1475 divina
1449 1417 1629 1474 mota
1656 1433 1818 1474 anus
1847 1433 2046 1474 urna:
2641 1437 2704 1484 30

493 1525 667 1588 hunc
695 1546 910 1611 neque
938 1524 1079 1588 dira.
1106 1545 1382 1602 venena,
1411 1545 1533 1587 nec
1562 1523 1851 1587 hosticus
1879 1524 2130 1588 auferet
2159 1523 2353 1601 ensis,

497 1658 619 1700 nec
646 1638 923 1701 laterum
953 1637 1139 1700 dolor
1166 1644 1281 1701 aut
1310 1636 1531 1713 tussis,
1562 1657 1685 1699 nec
1715 1636 1903 1699 tarda
1931 1637 2258 1721 podagra:

496 1751 795 1834 garrulus
823 1750 997 1813 hunc
1030 1748 1288 1836 quando
1318 1755 1660 1812 consumet
1689 1770 2000 1834 cumque:
2045 1749 2371 1833 loquaces,

497 1862 554 1925 si
584 1862 814 1947 sapiat,
845 1861 1033 1940 vitet,
1070 1861 1261 1926 simul
1290 1867 1487 1946 atque
1516 1860 1878 1926 adoleverit
1905 1869 2085 1926 aetas
2099 1863 2142 1925 '.

497 1983 767 2040 ventum
799 1982 939 2040 erat
967 1975 1044 2038 ad
1080 1974 1347 2054 Vestae,
1381 1981 1614 2060 quarta.
1644 1975 1773 2038 iam
1805 1983 1991 2060 parte
2021 1975 2152 2039 diei
2639 2005 2663 2052 3
2673 2006 2700 2057 5

498 2089 870 2172 praeterita,
904 2095 972 2151 et
1000 2110 1154 2151 casu
1183 2095 1325 2152 tum
1352 2088 1751 2172 respondere
1781 2088 2020 2152 vadato

496 2199 819 2278 debebat3
868 2200 1043 2286 quod
1070 2200 1141 2264 ni
1169 2199 1451 2280 fecisset,
1482 2201 1758 2285 perdere
1787 2201 1993 2265 litem.

498 2317 518 2346 ‘
543 2312 599 2376 si
626 2334 733 2377 me
761 2314 978 2376 amas'
1008 2312 1245 2399 inquit,
1279 2317 1299 2346 ‘
1318 2314 1585 2398 paulum
1613 2312 1720 2377 hic
1749 2313 1964 2378 ades’.
2069 2319 2089 2348 ‘
2107 2314 2446 2393 inteream,
2478 2315 2536 2378 si

496 2431 613 2489 aut
639 2427 825 2489 valeo
854 2432 1027 2490 stare
1056 2433 1172 2490 aut
1200 2426 1357 2490 novi
1386 2426 1604 2490 civilia.
1629 2426 1802 2490 iura:

500 2547 569 2604 et
595 2561 873 2626 propero
906 2561 1034 2626 quo
1065 2540 1244 2605 scis'.
1283 2543 1304 2573 ‘
1322 2539 1562 2604 dubius
1597 2561 1764 2618 sum,
1797 2540 1952 2626 quid
1983 2540 2212 2604 faciam
2229 2541 2249 2571 '
2279 2539 2517 2625 inquit,
2635 2569 2704 2616 40

499 2657 519 2686 ‘
539 2659 691 2721 tene
721 2651 1083 2737 relinquam
1110 2673 1196 2714 an
1224 2652 1420 2715 rem'.
1477 2655 1644 2729 ‘me,
1676 2651 1922 2717 sodes’.
1985 2658 2150 2716 ‘non
2180 2652 2437 2715 feciam'
2467 2652 2600 2730 ille,

498 2772 567 2829 et
593 2762 982 2849 praecedere
1012 2763 1249 2848 coepit.
1354 2785 1503 2847 eg0,
1536 2769 1612 2826 ut
1641 2764 2036 2829 contendere
2066 2765 2301 2828 durum
2331 2771 2434 2829 est

497 2899 646 2941 cum
674 2876 945 2956 victore,
978 2896 1233 2961 sequor.
1340 2879 1361 2909 ‘
1384 2875 1734 2941 Maecenas
1765 2877 2091 2962 quomodo
2120 2884 2338 2941 tecum
2359 2878 2419 2942 ?’

497 2990 649 3054 hinc
677 2988 952 3074 repetit:
1003 2993 1023 3022 ‘
1042 3008 1396 3073 paucorum
1424 2987 1766 3086 hominum
1795 2997 1864 3054 et
1892 2990 2132 3054 mentis
2163 2991 2332 3054 bene
2361 3011 2576 3054 sanae.

495 3124 688 3166 nemo
718 3101 1050 3166 dexterius
1080 3101 1342 3165 fortuna
1372 3107 1474 3165 est
1502 3123 1680 3165 usus,
1783 3103 2058 3167 haberes
2629 3131 2698 3180 45

496 3237 809 3300 magnum
836 3213 1222 3293 adiutorem,
1254 3220 1480 3298 posset
1510 3213 1623 3298 qui
1653 3214 1820 3278 ferre
1851 3215 2190 3294 secundae,

495 3327 669 3391 hunc
697 3327 1028 3390 hominem
1056 3327 1259 3390 velles
1289 3325 1345 3390 si
1374 3325 1653 3390 tradere.
1757 3327 2144 3412 dispeream,
2172 3329 2244 3391 ni

495 3461 886 3506 summosses
917 3438 1183 3502 omnis'.
1291 3442 1312 3472 ‘
1332 3459 1465 3504 non
1494 3438 1625 3503 isto
1653 3439 1936 3504 vivimus
1963 3440 2095 3504 illic

496 3575 623 3638 quo
655 3559 729 3617 tu
755 3572 899 3614 rere
926 3551 1157 3614 modo:
1204 3549 1437 3614 domus
1465 3550 1588 3614 hac
1615 3573 1736 3615 nec
1767 3553 1988 3637 purior
2015 3553 2146 3616 ulla
2175 3559 2298 3632 est,

493 3687 613 3729 nec
643 3664 853 3749 magis
881 3663 985 3726 his
1013 3662 1223 3726 aliena
1249 3663 1471 3741 malis3
1516 3664 1611 3726 ω’]
1639 3664 1730 3726 mi
1761 3665 1995 3729 officit'
2024 3664 2294 3750 inquam
2636 3694 2702 3742 50

496 3783 516 3812 ‘
541 3776 740 3840 ditior
768 3775 875 3838 hic
903 3780 1019 3838 aut
1047 3781 1150 3838 est
1180 3773 1331 3859 quia
1358 3774 1649 3854 doctior3
1697 3783 1799 3840 est
1824 3778 2004 3842 locus
2033 3778 2150 3841 uni

492 3890 725 3974 cuique
755 3885 959 3952 suus'.
1029 3891 1051 3921 ‘
1070 3908 1385 3972 magnum
1412 3909 1658 3968 narres,
1689 3889 1802 3954 vix
1831 3889 2141 3955 credibile
2155 3891 2197 3955 ³.
2277 3895 2297 3924 ‘
2319 3890 2500 3975 atqui

492 4001 585 4066 sic
613 4001 865 4064 habet’.
972 4003 993 4034 ‘
1014 3998 1313 4064 accendis
1345 4021 1543 4084 quare
1573 4002 1830 4086 cupiam
1858 4003 2071 4088 magis
2098 4002 2194 4066 illi
