3109 4817
1174 273 1594 341 EPODON
1653 278 1693 340 5

724 471 855 514 non
884 449 1183 514 infideles
1210 449 1519 529 arbitrae,

722 561 876 628 Nox
907 569 977 626 et
1005 562 1237 640 Diana,
1272 583 1437 647 quae
1467 563 1800 627 silentium
1829 564 2030 650 regis,

722 697 955 739 arcana
983 697 1133 738 cum
1160 675 1329 738 fiunt
1358 697 1562 753 sacra,

721 809 896 852 nunc
924 808 1099 852 nunc
1127 785 1375 866 adeste,
1406 808 1582 852 nunc
1609 786 1680 850 in
1709 787 1965 852 hostilis
1995 789 2226 854 domos

721 900 887 964 imm
914 907 1113 985 atque
1140 921 1385 963 numen
1413 900 1675 964 vertite.

722 1012 1161 1076 formidulosis
1191 1012 1348 1077 dum
1376 1013 1588 1078 latent
1615 1013 1798 1078 silvis
1827 1015 2001 1078 ferae

716 1125 891 1188 dulci
920 1146 1153 1210 sopore
1180 1124 1555 1210 lang-uidae,

717 1259 963 1317 senem,
996 1237 1171 1322 quod
1201 1259 1427 1302 omnes
1456 1237 1736 1318 rideant,
1766 1239 2132 1306 adulterum

711 1352 956 1415 latrent
988 1349 1367 1416 Suburanae
1395 1372 1590 1415 canes

717 1463 921 1527 nardo
950 1469 1363 1548 perunctum,
1398 1464 1588 1548 quale
1615 1485 1749 1527 non
1780 1466 2130 1549 perfectius

715 1597 899 1641 meae
926 1575 1285 1639 laborarint
1311 1597 1564 1640 manus,

716 1689 873 1774 quid
902 1687 1187 1752 accidit?
1234 1710 1351 1752 cur
1378 1687 1520 1750 dira
1546 1689 1859 1754 barbarae
1889 1689 2106 1754 minus

702 1823 957 1866 venena
986 1800 1263 1864 Medeae
1292 1801 1570 1866 valent?
2125 1867 2130 1872 ,

712 1914 949 1999 quibus
978 1915 1327 1999 superbam
1354 1913 1529 1998 fugit
1556 1914 1696 1978 ulta
1723 1913 2058 1999 paelicem,

708 2027 935 2112 magni
968 2025 1266 2091 Creontis
1294 2026 1515 2105 filiam,

709 2161 858 2202 cum
887 2139 1079 2224 palla,
1110 2140 1265 2202 tabo
1294 2161 1531 2202 munus
1561 2138 1911 2216 imbutum,
1941 2161 2182 2205 novam

705 2251 1007 2317 incendio
1035 2257 1309 2336 nuptam
1336 2251 1630 2316 abstulit.

704 2363 887 2449 atqui
914 2385 1037 2428 nec
1066 2364 1270 2426 herba
1296 2384 1419 2427 nec
1446 2364 1660 2427 latens
1689 2362 1759 2426 in
1791 2363 2038 2448 asperis

704 2476 891 2539 radix
920 2473 1151 2541 fefellit
1181 2497 1287 2539 me
1315 2475 1496 2539 locis.

692 2589 1007 2652 indormit
1036 2588 1251 2652 unctis
1281 2588 1572 2650 omnium
1603 2588 1928 2654 cubilibus

702 2701 1031 2766 oblivione
1061 2701 1401 2786 paelicum.

697 2837 737 2877 a
765 2837 824 2894 a,
858 2815 1107 2879 solutus
1135 2813 1427 2877 ambulat
1454 2813 1782 2877 veneficae

700 2926 1063 2991 scientioris
1092 2926 1396 2990 carmine.

700 3061 831 3102 non
862 3037 1143 3117 usitatis,
1173 3037 1372 3117 Vare‚
1405 3039 1803 3122 potionibus,

699 3174 738 3216 0
767 3153 974 3216 multa
1002 3152 1307 3216 fleturum
1337 3158 1554 3236 caput,

694 3265 778 3328 ad
807 3286 913 3328 me
942 3285 1258 3343 recurreS,
1288 3285 1411 3328 nec
1439 3269 1672 3328 vocata
1700 3284 1884 3326 mens
1917 3269 2030 3326 tua

696 3376 935 3441 Marsis
962 3376 1208 3441 redibit
1234 3376 1526 3442 vocibus.

690 3490 897 3554 maius
927 3490 1193 3574 parabo,
1223 3489 1432 3552 maius
1460 3486 1802 3552 infundam
1833 3486 1957 3550 tibi

692 3601 1050 3666 fastidienti
1080 3601 1406 3686 poculum,

690 3713 997 3800 priusque
1027 3715 1276 3778 caelum
1306 3713 1480 3778 sidet
1506 3713 1775 3778 inferius
1804 3714 1968 3776 mari

696 3827 926 3890 tellure
956 3833 1255 3911 porrecta
1285 3848 1502 3911 super,

691 3963 883 4025 quam
912 3964 1043 4006 non
1073 3963 1290 4006 amore
1320 3941 1413 4006 sic
1441 3963 1589 4005 meo
1619 3941 1856 4025 flagres
1885 3943 1982 4006 uti

689 4054 982 4118 bitumen
1013 4055 1172 4120 atris
1204 4053 1527 4139 ignibus'.

2417 282 2534 347 197

2475 484 2538 534 50

2471 1049 2531 1098 55

2459 1599 2526 1646 60

2443 2737 2510 2781 70

2432 3297 2496 3344 75
