3109 4817
1046 214 1635 281 SERMONUM
1699 219 1734 280 I
1802 221 1830 282 1

409 397 628 456 cetera
655 390 741 455 de
769 411 1012 476 genere
1041 391 1187 470 hoc,
1218 391 1382 455 adeo
1414 399 1570 456 sunt
1597 393 1824 472 multa,
1855 395 2192 480 loquacem

408 504 736 570 delassare
764 505 989 569 valent
1019 503 1318 569 Fabium.
1419 526 1504 568 ne
1536 512 1604 568 te
1633 527 1870 585 morer,
1903 507 2057 570 audi

412 638 540 702 quo
568 639 712 681 rem
740 616 1079 682 deducam.
1183 617 1240 680 si
1272 617 1415 702 quis
1444 616 1610 682 deus
1643 621 1663 652 ‘
1695 640 1778 682 en
1809 640 1934 704 ego
1953 621 1972 651 ’
2005 621 2183 686 dicat

411 733 433 764 ‘
459 729 591 794 iam
618 730 850 795 faciam
882 731 1056 817 quod
1085 730 1317 796 vultis:
1372 731 1501 796 eris
1531 738 1628 810 tu,
1663 732 1776 816 qui
1803 733 2003 797 modo
2037 734 2249 815 miles,

411 849 769 920 mercator3
820 850 918 922 tu,
950 844 1287 908 consultus
1316 842 1534 922 mode,
1567 843 1890 910 rusticus:
1935 845 2090 911 hinc
2119 871 2262 927 vos,

412 976 532 1019 vos
562 955 715 1020 hinc
746 955 1015 1021 mutatis
1046 955 1367 1020 discedite
1397 955 1718 1040 partibus.
1820 956 1942 1022 eia.

410 1067 566 1152 quid
594 1068 783 1133 statis
806 1069 869 1133 ?’
913 1068 1147 1134 nolint.
1248 1068 1432 1154 atqui
1458 1068 1614 1133 licet
1643 1089 1785 1134 esse
1817 1069 2048 1134 beatis.

410 1181 564 1265 quid
594 1203 825 1246 causae
854 1188 978 1260 est,
1008 1181 1243 1246 merito
1276 1181 1431 1267 quin
1459 1181 1588 1246 illis
1618 1182 1920 1266 Iuppiter
1947 1185 2176 1248 ambas

410 1292 612 1358 iratus
642 1295 878 1358 buccas
905 1294 1095 1358 inflet
1120 1315 1335 1380 neque
1366 1315 1438 1358 se
1468 1295 1609 1358 fore
1639 1294 1914 1378 posthac

411 1411 543 1470 tam
572 1405 828 1470 facilem
856 1406 1053 1485 dicat,
1084 1407 1257 1471 votis
1285 1413 1363 1470 1115
1389 1407 1702 1490 praebeat
1729 1429 1954 1471 aurem
1981 1410 2008 1471 ?

410 1525 769 1602 praeterea,
798 1541 884 1584 ne
914 1520 1007 1584 sic
1036 1526 1113 1583 ut
1142 1517 1253 1604 qui
1282 1517 1589 1583 iocularia
1616 1518 1838 1583 ridens

409 1652 815 1715 percurram:
871 1654 1262 1718 quamquam
1289 1631 1615 1696 ridentem
1645 1630 1861 1694 dicere
1891 1654 2120 1696 verum

411 1743 566 1828 quid
593 1745 827 1810 vetat?
872 1752 950 1809 ut
977 1744 1195 1830 pueris
1227 1745 1381 1808 olim
1409 1744 1574 1808 dant
1601 1745 1890 1808 crustula
1918 1745 2144 1809 blandi

409 1855 733 1936 doctores,
765 1858 1089 1922 elementa
1116 1857 1328 1922 velint
1356 1863 1433 1922 ut
1460 1857 1711 1921 discere
1741 1857 1991 1942 prima:

408 1969 523 2033 sed
554 1977 777 2034 tamen
804 1977 1023 2034 amoto
1055 1992 1437 2056 quaeramus
1468 1971 1636 2034 seria
1663 1969 1838 2034 ludo,

404 2081 512 2146 ille
542 2105 815 2168 gravem
841 2083 1006 2147 duro
1035 2090 1277 2148 terram
1308 2083 1420 2168 qui
1448 2083 1653 2147 vertit
1681 2089 1895 2146 aratro
1899 2131 1918 2161 ,

405 2194 693 2278 perfidus
721 2195 829 2260 hic
858 2217 1087 2281 caupo,
1118 2195 1305 2260 miles
1336 2201 1708 2281 nautaeque
1737 2216 1856 2278 per
1884 2216 2077 2258 omne

404 2307 681 2374 audaces
708 2330 887 2373 mare
920 2307 1031 2394 qui
1059 2314 1350 2386 currunt,
1380 2307 1502 2372 hac
1529 2313 1753 2371 mente
1781 2307 2072 2370 laborem

405 2440 548 2485 sese
577 2421 769 2500 ferre,
802 2443 991 2486 senes
1020 2428 1097 2485 1115
1123 2421 1192 2484 111
1223 2421 1357 2485 otia
1384 2427 1527 2484 tuta
1554 2419 1887 2497 recedant,

402 2533 611 2613 aiunt,
642 2557 791 2598 cum
821 2535 948 2599 sibi
977 2534 1111 2598 sint
1138 2539 1453 2619 congesta
1480 2532 1758 2596 cibaria:
1806 2532 1978 2595 sicut

404 2647 671 2730 parvola
713 2651 889 2730 (nam
918 2647 1213 2731 exemplo
1244 2647 1369 2728 est)
1410 2644 1639 2730 magni
1668 2643 1939 2707 formica
1969 2644 2210 2708 laboris

407 2781 521 2824 ore
550 2760 757 2825 trahit
784 2760 1239 2845 quodcumque
1267 2765 1490 2845 potest
1518 2765 1717 2844 atque
1747 2757 1932 2821 addit
1961 2781 2199 2822 acervo

406 2892 602 2956 quem
630 2873 847 2952 struit,
877 2872 1052 2936 haud
1078 2872 1309 2958 ignara
1336 2893 1411 2935 ac
1440 2893 1574 2935 non
1603 2872 1863 2934 incauta
1893 2871 2116 2936 futuri.

407 3006 594 3069 quae,
626 2985 819 3049 simul
846 2985 1179 3050 inversum
1209 2983 1554 3049 contristat
1581 2983 1882 3068 aquarius
1905 3005 2171 3062 atinum,

403 3118 535 3160 non
564 3119 842 3183 usquam
870 3097 1163 3183 prorepit
1191 3105 1260 3162 et
1285 3095 1413 3161 illis
1442 3093 1651 3159 utitur
1677 3102 1832 3159 ante

407 3211 717 3294 quaesitis
745 3210 1026 3295 sapiens,
1057 3233 1206 3274 cum
1235 3217 1302 3273 te
1332 3230 1545 3294 neque
1576 3207 1865 3272 fervidus
1894 3216 2113 3272 aestus

404 3321 753 3390 demoveat
780 3324 981 3402 lucr0,
1011 3345 1227 3409 neque
1256 3322 1533 3406 hiemps,
1564 3321 1764 3407 igniS,
1799 3343 2000 3400 mare,
2031 3321 2296 3399 ferrum,

402 3435 499 3500 nil
527 3437 750 3500 obstet
776 3435 921 3515 tibi,
953 3435 1111 3499 dum
1137 3458 1224 3500 ne
1254 3435 1341 3498 sit
1370 3442 1439 3498 te
1467 3433 1668 3498 ditior
1694 3435 1879 3497 alter.

405 3548 561 3634 quid
588 3549 775 3613 iuvat
799 3548 1190 3613 immensum
1221 3555 1287 3612 te
1316 3547 1578 3632 argenti
1607 3545 1862 3632 pondus
1892 3551 1962 3608 et
1989 3545 2130 3608 auri

404 3661 629 3725 furtim
659 3660 919 3726 defossa
945 3660 1247 3726 timidum
1276 3660 1607 3744 deponere
1637 3659 1865 3723 terra?

408 3775 428 3806 ‘
460 3773 634 3858 quod
665 3773 722 3838 si
748 3773 1147 3838 comminuas
1149 3821 1170 3852 ,
1200 3773 1399 3838 vilem
1428 3771 1767 3856 redigatur
1793 3771 1878 3834 ad
1907 3791 2119 3834 assem
2134 3771 2177 3833 ’.

405 3891 475 3949 at
500 3886 573 3949 ni
600 3886 669 3949 id
697 3886 795 3965 fit,
830 3885 987 3972 quid
1015 3886 1216 3951 habet
1243 3884 1497 3969 pulchri
1526 3889 1936 3948 constructus
1965 3882 2288 3946 acervus?

404 3997 583 4061 milia
611 3999 921 4063 frumenti
950 4006 1063 4062 tua
1093 3998 1350 4063 triverit
1378 4019 1527 4061 area
1556 4002 1844 4074 centum,

2401 224 2522 288 227

2461 653 2522 702 ¹5

2455 2902 2516 2950 ³5

2439 4023 2511 4070 45
