3109 4817
542 250 669 314 342
1404 247 1884 313 HORATII

546 426 602 489 si
630 425 834 489 laedit
863 444 1177 508 caupona,
1214 423 1638 486 Ferentinum
1667 422 1762 486 ire
1791 423 2053 487 iubeb0.

544 561 697 601 nam
726 559 939 623 neque
969 537 1286 600 divitibus
1317 536 1713 620 contingunt
1741 536 1980 620 gaudia
2010 536 2185 612 solis,

545 673 668 715 nec
698 651 869 714 vixit
896 651 1086 726 male,
1121 648 1231 733 qui
1260 655 1454 711 natus
1485 648 1898 733 moriensque
1928 649 2178 712 fefellit.
2703 679 2766 712 ιο

548 766 603 827 si
633 765 942 849 prodesse
973 763 1104 826 tuis
1135 761 1455 846 pauloque
1486 761 1838 846 benignius
1867 762 2084 846 ipsum

550 883 617 940 te
650 883 928 945 tmctare
956 875 1161 951 voles,
1192 874 1463 937 accedes
1494 874 1702 938 siccus
1733 875 1814 936 ad
1846 881 2137 938 unctum.

551 995 569 1022 ‘
596 989 652 1052 si
684 989 1032 1073 pranderet
1060 987 1249 1051 holus
1279 985 1930 1071 patienter,'regibus
1961 989 2058 1050 uti

548 1103 752 1165 nollet
779 1101 1209 1184 Aristippus'.
1316 1103 1335 1132 ‘
1360 1100 1413 1162 si
1446 1101 1644 1164 sciret
1670 1101 1940 1185 regibus
1970 1101 2089 1178 uti,

547 1214 869 1278 fastidiret
898 1215 1086 1277 holus
1120 1213 1227 1298 qui
1258 1234 1363 1276 me
1392 1207 1630 1276 notat’-
1737 1214 1948 1277 utrius
1978 1214 2210 1277 horum
2699 1242 2717 1275 ι
2736 1243 2762 1290 ς

550 1328 754 1391 verba
782 1328 1019 1412 probes
1052 1334 1120 1390 et
1148 1326 1319 1390 facta
1348 1324 1531 1403 doce,
1565 1327 1672 1389 vel
1702 1326 1916 1389 iunior
1944 1326 2096 1389 audi

549 1460 665 1500 cur
693 1439 781 1503 sit
808 1439 1133 1524 Aristippi
1163 1439 1377 1524 potior
1407 1439 1754 1502 sententia.
1857 1462 2145 1524 namque

548 1552 913 1615 mordacem
946 1552 1245 1636 cynicum
1277 1553 1368 1615 sic
1402 1552 1728 1629 eludebat,
1761 1560 1836 1616 ut
1865 1553 2070 1631 aiunt,

548 1670 567 1698 ‘
588 1687 845 1728 scurror
875 1687 1000 1749 ego
1030 1665 1171 1755 ipse
1201 1665 1384 1742 mihi,
1419 1665 1660 1749 populo
1691 1672 1800 1728 tu:
1848 1667 2090 1728 rectius
2120 1665 2243 1728 hoc
2275 1673 2343 1728 et

546 1777 949 1861 splendidius
980 1780 1186 1842 multo
1218 1785 1339 1842 est.
1430 1799 1637 1862 equus
1668 1785 1744 1841 ut
1769 1799 1873 1842 me
1904 1785 2146 1863 portet,
2177 1779 2311 1841 alat
2340 1801 2477 1856 rex,
2697 1811 2766 1842 ιο

548 1891 829 1954 officium
860 1891 1058 1954 facio:
1114 1898 1189 1954 tu
1217 1891 1430 1974 poscis
1461 1890 1617 1954 vilia
1644 1912 1886 1968 rerum,

547 2003 744 2067 dante
775 2003 1006 2083 minor,
1042 2004 1336 2088 quamvis
1367 2004 1495 2066 fers
1526 2009 1594 2066 te
1623 2003 1865 2068 nullius
1897 2006 2255 2089 egentem’.

550 2116 759 2179 omnis
790 2116 1202 2201 Aristippum
1232 2115 1454 2179 decuit
1482 2117 1659 2178 color
1690 2124 1759 2180 et
1789 2123 1999 2180 status
2031 2123 2099 2180 et
2126 2139 2254 2193 reS,

548 2235 981 2313 temptantem
1011 2229 1273 2306 maiora,
1306 2229 1440 2292 fere
1472 2229 1926 2312 praesentibus
1957 2251 2257 2314 aequum.

548 2348 796 2419 contra,
832 2364 1025 2426 quem
1054 2341 1297 2425 duplici
1328 2363 1543 2424 panno
1575 2341 1891 2425 patientia
1921 2343 2118 2420 velat,
2699 2374 2762 2422 25

549 2454 853 2531 mirabor,
886 2454 1061 2517 vitae
1093 2454 1201 2516 via
1230 2455 1287 2517 si
1312 2476 1628 2517 conversa
1658 2455 1939 2519 decebit.

548 2567 714 2628 alter
743 2588 1137 2649 purpureum
1168 2588 1300 2629 non
1333 2567 1710 2651 expectabit
1737 2568 2070 2647 amictum,

552 2677 873 2761 quidlibet
899 2677 1168 2741 indutus
1192 2679 1614 2743 celeberrima
1644 2701 1764 2764 per
1791 2681 1933 2744 loca
1961 2681 2162 2744 vadet

547 2810 1019 2874 personamque
1050 2791 1216 2854 feret
1242 2813 1374 2854 non
1403 2791 1829 2856 inconcinnus
1859 2800 2236 2878 utramque:

552 2904 717 2966 alter
746 2903 960 2967 Mileti
992 2910 1239 2967 textam
1272 2926 1429 2967 cane
1460 2905 1646 2989 peius
1679 2912 1746 2968 et
1774 2907 1976 2991 angui
2703 2941 2766 2988 30

552 3015 791 3079 vitabit
822 3016 1250 3101 chlamydem,
1283 3018 1599 3081 morietur
1629 3019 1894 3102 frigore,
1929 3020 1983 3082 si
2011 3042 2144 3083 non

552 3129 881 3192 rettuleris
913 3152 1219 3213 pannum.
1325 3131 1495 3194 refer
1524 3139 1594 3195 et
1623 3133 1763 3195 sine
1793 3133 1978 3197 vivat
2009 3134 2293 3218 ineptus

554 3264 658 3306 res
688 3265 918 3326 gerere
950 3251 1018 3306 et
1047 3252 1271 3328 captos
1302 3245 1650 3308 ostendere
1679 3246 1933 3309 civibus
1962 3247 2170 3311 hostis

551 3355 824 3440 attingit
854 3356 1085 3418 solium
1116 3357 1296 3421 Iovis
1327 3364 1395 3420 et
1424 3359 1728 3422 caelestia
1759 3365 2059 3443 temptat.

552 3467 956 3553 principibus
986 3469 1302 3552 placuisse
1332 3469 1490 3532 viris
1519 3493 1652 3534 non
1684 3472 1912 3534 ultima
1940 3474 2080 3536 laus
2113 3483 2232 3536 est.
2701 3505 2762 3554 35

551 3602 683 3643 non
715 3581 919 3644 cuivis
950 3581 1197 3644 homini
1228 3583 1552 3666 contingit
1581 3584 1758 3647 adire
1795 3584 2198 3648 Corinthum.

555 3693 747 3772 sedit,
783 3693 892 3778 qui
923 3694 1143 3758 timuit
1172 3717 1254 3758 ne
1284 3717 1416 3758 non
1448 3697 1866 3760 succederet:
1916 3704 2078 3760 est0.

557 3805 761 3890 quid?
812 3808 924 3890 qui
952 3807 1254 3891 pervenit
1283 3808 1520 3872 fecitne
1551 3808 1876 3873 viriliter?
1923 3811 2106 3894 atqui

554 3918 659 3981 hic
690 3925 813 3996 est,
846 3926 960 3982 aut
987 3942 1331 4004 nusquam,
1368 3922 1540 4006 quod
1574 3922 1960 4006 quaerimus
2071 3925 2178 3988 hic
2211 3947 2374 3988 onus
2405 3927 2648 4002 horret,

554 4038 629 4093 ut
656 4032 874 4115 parvis
906 4032 1137 4095 animis
1168 4040 1236 4096 ot
1266 4055 1466 4117 parvo
1502 4057 1770 4118 corpore
1801 4037 2043 4099 maius:
2693 4065 2761 4112 40
