3109 4817
498 215 625 280 360
1383 215 1860 281 HORATH

496 393 793 458 aedituos
820 392 1062 456 habeat
1089 391 1247 456 belli
1276 397 1572 476 spectata
1599 391 1907 475 domique
2613 421 2720 469 230

492 505 727 584 virtus,
755 504 1029 589 indigno
1056 526 1190 568 non
1220 503 1694 568 committenda
1721 511 1977 589 poetae.

494 624 722 703 gratus
750 617 1127 682 Alexandro
1154 617 1301 702 regi
1328 637 1572 702 magno
1601 615 1728 679 fuit
1753 615 1864 680 ille

499 729 857 809 Olmerilm,
885 729 1147 794 incultis
1178 729 1290 816 qui
1318 729 1618 793 versibus
1650 734 1720 793 et
1747 727 1916 792 male
1943 727 2118 790 natis

498 846 753 910 rettulit
780 853 1104 931 acceptos,
1132 847 1353 931 regale
1382 845 1726 924 nomisma,
1757 844 2119 929 Philippos,

498 959 615 1022 sed
644 959 849 1023 veluti
878 965 1155 1023 tractata
1182 964 1408 1022 notam
1436 959 1782 1043 labemque
1811 957 2162 1021 remittunt
2607 987 2672 1034 ²3
2687 988 2716 1034 ς

494 1077 878 1151 atramenta,
909 1072 1044 1137 fere
1072 1071 1425 1157 scriptores
1452 1070 1740 1135 carmine
1769 1064 1961 1134 foedo
2051 1153 2061 1162 ·

496 1184 837 1271 splendida
864 1184 1034 1248 facta
1060 1184 1295 1248 linunt.
1396 1183 1577 1248 idem
1605 1206 1723 1248 rex
1749 1184 1884 1262 ille,
1915 1205 2150 1268 poema

498 1299 611 1385 qm'
641 1304 775 1363 tam
803 1296 1147 1360 ridiculum
1176 1304 1313 1361 tam
1341 1317 1489 1360 care
1518 1283 1834 1382 prodsgus
1865 1297 2048 1375 emit',

498 1411 713 1476 edicto
742 1409 957 1474 vetuit
982 1409 1215 1495 nequis
1244 1431 1315 1474 se
1344 1393 1610 1494 praeter
1637 1409 1920 1494 Apellen

496 1525 803 1610 pingeret
829 1527 944 1586 aut
970 1521 1133 1586 alius
1163 1520 1453 1607 Lysippo
1486 1523 1758 1587 duceret
1786 1544 1936 1586 aera
2605 1553 2711 1598 240

497 1637 685 1702 fortis
713 1634 1073 1699 Alexandri
1102 1635 1355 1698 vultum
1386 1635 1780 1699 simulantia.
1887 1634 2120 1720 quodsi

497 1749 809 1814 iudicium
838 1747 1079 1812 subtile
1106 1747 1406 1811 videndis
1434 1747 1686 1812 artibus
1715 1748 1876 1811 illud

500 1862 583 1926 ad
611 1863 813 1926 libros
842 1867 912 1926 et
938 1860 1021 1924 ad
1050 1861 1210 1924 haec
1238 1882 1570 1924 musarum
1599 1859 1772 1924 dona
1799 1882 2089 1939 vocarer„

498 1975 820 2040 Boeotum
847 1974 917 2037 in
946 1994 1161 2037 crasso
1188 1973 1434 2036 iurares
1462 1995 1613 2037 aere
1641 1981 1889 2037 natum.

500 2096 571 2153 at
597 2110 811 2174 neque
840 2087 1238 2151 dedecorant
1264 2093 1378 2150 tua
1404 2086 1489 2149 de
1518 2107 1589 2150 se
1617 2085 1860 2148 iudicia
1885 2092 2083 2170 atque
2605 2115 2710 2163 ²45

499 2223 793 2280 munera,
825 2201 989 2286 quae
1018 2200 1225 2263 multa
1251 2199 1469 2263 dantis
1498 2199 1648 2262 cu'm
1676 2198 1869 2264 laude
1901 2199 2213 2277 tulerunt,

502 2313 725 2379 dilecti
754 2312 877 2377 tibi
904 2311 1239 2396 Vergilius
1268 2310 1638 2397 Variusque
1668 2319 1924 2396 poetae,

498 2449 622 2492 nec
650 2425 861 2511 magis
892 2416 1184 2508 expressi
1212 2425 1433 2487 vultus
1463 2446 1584 2509 per
1609 2433 1814 2488 aenea
1843 2424 2054 2508 signa,
2127 2437 2162 2452 ··

504 2557 697 2626 quam
729 2560 845 2623 per
874 2537 1043 2602 vatis
1075 2557 1238 2621 opus
1267 2557 1481 2600 mores
1510 2535 1841 2621 animique
1871 2529 2160 2600 virorum

502 2653 820 2716 clarorum
848 2657 1184 2734 apparent.
1288 2670 1409 2712 nec
1439 2670 1772 2712 sermones
1803 2671 1930 2734 ego
1959 2649 2220 2713 mallem
2603 2679 2708 2728 250

502 2768 807 2848 repentes
836 2783 954 2846 per
980 2761 1250 2825 humum
1283 2782 1477 2846 quam
1506 2782 1613 2824 res
1643 2783 2010 2845 conponere
2041 2769 2285 2847 gestas,

504 2883 951 2960 terrarumque
980 2873 1144 2938 situs
1175 2881 1244 2938 et
1272 2873 1539 2937 flumina
1568 2874 1786 2938 dicere
1815 2881 1885 2938 et
1912 2896 2094 2939 arces

503 2988 836 3052 montibus
862 2986 1202 3072 impositas
1232 2992 1301 3051 et
1328 2987 1608 3050 barbara
1635 3007 1862 3071 regna,
1895 2987 2154 3073 tuisque

504 3101 807 3186 auspiciis
837 3106 1049 3164 totum
1078 3100 1373 3164 confecta
1402 3099 1618 3165 duella
1645 3122 1765 3184 per
1794 3101 2042 3179 orbem,

504 3215 909 3299 claustraque
938 3213 1276 3277 custodem
1304 3212 1482 3297 pacis
1510 3212 1885 3277 cohibentia
1913 3214 2171 3293 Ianum,
2605 3245 2636 3278 2
2645 3245 2669 3293 5
2681 3246 2706 3294 ς

506 3335 575 3392 et
602 3327 1011 3391 formidatam
1042 3325 1303 3390 Parthis
1332 3331 1399 3389 te
1431 3325 1725 3410 principe
1756 3325 2054 3406 Romam,

506 3441 562 3506 si
593 3446 906 3525 quantum
936 3460 1263 3523 cuperem,
1295 3459 1553 3522 possem
1587 3460 1882 3525 quoquet
1929 3441 2045 3503 sed
2074 3462 2287 3525 neque
2317 3463 2592 3526 parvum

505 3574 765 3616 carmen
793 3551 1099 3616 maiestas
1126 3550 1361 3634 recipit
1392 3557 1525 3628 tua,
1559 3571 1680 3614 neo
1710 3573 1895 3614 meus
1925 3552 2125 3616 audet

504 3687 645 3728 rem
674 3669 993 3749 temptare
1023 3663 1233 3748 pudor
1263 3685 1457 3749 quam
1484 3665 1659 3727 vires
1689 3663 1859 3728 ferre
1889 3673 2210 3729 recusent.
2493 3716 2500 3725 ,

506 3778 814 3843 sedulitas
842 3783 1083 3854 autem,
1115 3776 1314 3840 stulte
1346 3799 1539 3861 quem
1568 3776 1808 3862 diligit,
1839 3784 2056 3862 urget,
2603 3795 2710 3842 260

507 3889 851 3977 praecipue
880 3911 1027 3953 cum
1058 3910 1127 3952 se
1156 3889 1444 3952 numeris
1474 3891 1889 3954 commendat
1917 3895 1987 3954 et
2013 3896 2193 3967 arte3

505 4002 701 4068 discit
729 4002 903 4066 enim
932 4002 1123 4066 citius
1152 3999 1578 4085 meminitque
1607 4002 1917 4068 libentius
1945 4003 2106 4067 illud
