3109 4817
1535 224 1974 290 HORATII

909 421 1103 486 agros
1131 400 1433 465 Attalicis
1462 399 1948 464 condicionibus

911 537 1262 600 numquam
1295 514 1650 593 dimoveas,
1680 520 1757 578 ut
1783 514 1968 578 trabe
2004 511 2242 597 Cypria

912 627 1247 712 Myrtoum
1276 627 1550 712 pavidus
1578 634 1779 690 nauta
1806 631 1985 690 secet
2010 647 2209 690 mare.

912 739 1267 803 luctantem
1299 739 1522 804 Icariis
1553 739 1858 803 fluctibus
1887 737 2181 801 Africum

913 857 1235 915 mercator
1260 858 1561 919 metuens
1591 851 1796 915 otium
1826 856 1895 915 et
1922 849 2147 935 oppidi

911 963 1132 1027 laudat
1159 986 1308 1026 rura.
1337 961 1476 1028 sui:
1522 984 1677 1027 mox
1705 963 1914 1028 reficit
1940 969 2115 1027 rates

914 1098 1201 1161 quassae,
1231 1076 1528 1140 indocilis
1559 1075 1933 1161 pauperiem
1961 1074 2119 1160 pati.

909 1194 1012 1251 est
1041 1187 1150 1272 qui
1177 1209 1300 1252 nec
1331 1188 1574 1252 veteris
1602 1189 1832 1273 pocula
1859 1186 2125 1251 Massici

908 1320 1029 1363 neo
1058 1306 1310 1384 partem
1339 1299 1544 1364 solido
1575 1300 1834 1364 demere
1864 1299 1947 1363 de
1976 1299 2083 1363 die

911 1411 1180 1496 spernit,
1210 1434 1384 1476 nuno
1413 1412 1609 1475 viridi
1635 1412 1929 1476 membra
1957 1412 2079 1475 sub
2108 1412 2340 1475 arbuto

910 1530 1174 1602 stratuS,
1205 1546 1379 1588 nuno
1408 1524 1491 1587 sd
1520 1546 1725 1609 aquae
1755 1525 1901 1588 lene
1931 1531 2127 1609 caput
2154 1545 2391 1588 sacrae.

910 1636 1147 1699 multos
1177 1643 1387 1700 castra
1413 1636 1644 1700 iuvant
1671 1644 1739 1701 et
1766 1637 1928 1700 lituo
1958 1637 2155 1700 tubae

912 1749 1271 1832 permixtus
1302 1749 1553 1813 sonitus
1583 1750 1879 1833 bellaque
1909 1749 2225 1813 matribus

911 1860 1255 1926 detestata.
1358 1867 1580 1926 manet
1606 1862 1729 1925 sub
1758 1862 1917 1925 Iove
1947 1860 2185 1946 frigido

910 1979 1183 2037 venator
1214 1979 1476 2037 tenerae
1505 1972 1801 2058 coniugis
1830 1973 2190 2051 immemor,

908 2106 1026 2148 seu
1050 2086 1193 2149 visa
1221 2092 1324 2149 est
1350 2086 1579 2149 catulis
1610 2107 1802 2151 cerva
1828 2085 2149 2164 fidelibus,

910 2218 1026 2260 seu
1054 2198 1232 2281 rupit
1261 2203 1500 2261 teretes
1529 2197 1789 2262 Marsus
1817 2220 1975 2283 aper
2001 2199 2248 2283 plagas.

909 2332 1014 2373 me
1044 2310 1381 2374 doctarum
1409 2310 1689 2375 hederae
1718 2312 2005 2396 praemia
2031 2310 2341 2375 frontium

908 2420 1009 2484 dis
1038 2422 1314 2486 miscent
1341 2423 1614 2507 superis,
1644 2444 1750 2486 me
1779 2423 2068 2508 gelidum
2096 2445 2327 2486 nemus

906 2534 1468 2621 nympharumque
1497 2535 1676 2599 leves
1706 2558 1852 2599 cum
1883 2535 2116 2620 satyris
2145 2535 2324 2599 chori

907 2655 1254 2711 secernunt
1282 2648 1543 2732 popu10,
1576 2648 1632 2711 si
1660 2669 1872 2733 neque
1904 2647 2097 2712 tibias

910 2761 1198 2848 Euterpe
1226 2764 1489 2828 cohibet
1516 2786 1638 2828 neo
1668 2764 2098 2849 Polyhymnia

910 2874 1236 2940 Lesboum
1266 2876 1511 2961 refugit
1538 2876 1807 2941 tendere
1836 2878 2160 2941 barbiton.

909 2987 1140 3072 quodsi
1167 3009 1273 3052 me
1301 2987 1518 3072 lyricis
1546 2989 1808 3053 vatibus
1836 2989 2104 3067 inseres,

908 3099 1173 3165 sublimi
1201 3099 1429 3165 feriam
1459 3100 1673 3165 sidera
1699 3101 1966 3166 vertice.

2741 2452 2801 2499 30

2739 3018 2798 3067 3⁵
