3109 4817
540 165 664 230 268
1409 161 1871 228 HORATII

535 339 855 425 Iuppiter,
887 345 965 402 ut
992 345 1219 423 pereat
1246 338 1534 423 positum
1563 338 1868 423 rubigine
1899 340 2124 418 telum,

531 474 655 516 nec
687 453 1029 538 quisquam
1057 457 1291 515 noceat
1319 450 1558 535 cupido
1587 451 1750 514 mihi
1779 451 1992 536 pacis!
2043 459 2113 516 at
2138 453 2272 531 ille,

535 564 648 649 qui
676 586 782 628 me
812 564 1154 628 commorit
1196 563 1450 646 (melius
1478 585 1613 627 non
1643 570 1938 648 tangere,
1969 565 2236 643 clamo),
2682 595 2749 643 45

536 677 719 741 flebit
748 683 817 741 et
842 675 1121 761 insignis
1152 683 1291 740 tota
1318 675 1690 739 cantabitur
1718 677 1900 740 urbe.

543 789 813 854 Cervius
840 788 1045 852 iratus
1074 790 1257 874 leges
1286 787 1627 852 minitatur
1656 794 1725 852 et
1753 809 2005 867 urnam,

544 902 813 969 Canidia
842 901 1080 965 Albuci
1110 901 1347 985 quibus
1377 907 1480 964 est
1507 899 1770 964 inimica
1797 923 2147 979 venenum,

540 1015 790 1100 grande
819 1016 1061 1077 malum
1090 1014 1347 1092 Τι111118,
1380 1012 1596 1098 siquid
1625 1035 1696 1078 se
1724 1012 1940 1077 iudice
1968 1020 2215 1078 certes:

539 1135 616 1192 ut
646 1149 773 1213 quo
806 1127 1079 1213 quisque
1107 1127 1285 1190 valet
1312 1132 1650 1210 suspectos
1681 1132 1944 1204 terreat,
1976 1133 2179 1211 utque
2689 1156 2753 1204 5ο

538 1241 818 1325 imperet
845 1241 969 1303 hoc
995 1246 1229 1303 natura
1256 1246 1513 1324 potens,
1546 1239 1640 1302 sic
1669 1239 1903 1324 collige
1932 1261 2212 1304 mecum.

541 1354 737 1417 dente
765 1353 980 1437 lupus,
1011 1374 1215 1416 cornu
1241 1358 1466 1416 taurus
1496 1352 1688 1437 petit,
1718 1352 1894 1416 unde
1922 1352 2053 1415 nisi
2078 1352 2259 1416 intus

540 1466 1023 1530 monstratum?
1092 1463 1374 1528 Scaevae
1403 1463 1702 1530 vivacem
1731 1465 1923 1528 crede
1952 1465 2180 1549 nepoti

539 1586 854 1655 matrem;
896 1578 993 1641 nil
1020 1576 1215 1641 faciet
1244 1577 1503 1641 sceleris
1537 1576 1648 1661 pia
1675 1577 1978 1642 dextera:
2023 1577 2262 1642 mirum

541 1698 617 1755 ut
642 1712 856 1775 neque
887 1691 1060 1754 calce
1088 1691 1280 1774 lupus
1312 1711 1704 1775 quemquam
1732 1711 1947 1776 neque
1976 1690 2176 1755 dente
2206 1691 2375 1777 petit
2402 1693 2557 1756 bos:
2688 1722 2750 1770 55

542 1805 660 1869 sed
687 1805 859 1867 mala
887 1803 1075 1867 tollet
1102 1825 1299 1866 anum
1328 1801 1562 1868 vitiato
1591 1803 1783 1867 melle
1814 1804 2044 1868 cicuta.

541 1939 625 1980 ne
654 1917 927 2002 longum
956 1915 1223 1979 faciam:
1270 1937 1388 1980 seu
1416 1937 1523 1979 me
1554 1915 1904 2000 tranquilla
1933 1923 2236 1981 senectus

543 2036 869 2114 expectat,
901 2051 1019 2092 seu
1045 2050 1221 2092 mors
1248 2028 1407 2092 atris
1438 2027 1862 2093 circumvolat
1888 2028 2005 2093 alis
2026 2055 2045 2107 ;

542 2143 752 2221 dives,
780 2143 993 2226 inopS,
1027 2140 1273 2205 Romae
1304 2162 1420 2206 seu
1449 2141 1583 2204 fors
1611 2140 1707 2204 ita
1734 2140 1998 2204 iusserit
2029 2143 2200 2220 exul,

548 2255 839 2341 quisquis
870 2255 997 2319 erit
1022 2253 1197 2318 vitae
1228 2253 1507 2316 scribam
1536 2253 1731 2318 color.
1843 2258 1862 2288 ‘
1884 2276 1922 2316 o
1952 2275 2115 2339 puer
2142 2262 2219 2320 ut
2246 2254 2336 2320 sis
2687 2269 2756 2316 60

544 2368 761 2431 vitalis
791 2374 1012 2430 metuo
1044 2373 1113 2430 et
1140 2367 1457 2430 maiorum
1486 2367 1720 2451 nequis
1747 2367 1993 2432 amicus

546 2481 784 2564 frigore
816 2486 882 2542 te
913 2479 1155 2543 feriat’.
1246 2479 1453 2566 quid?
1514 2501 1663 2542 cum
1693 2486 1797 2544 est
1826 2479 2110 2544 Lucilius
2139 2501 2335 2545 ausus

546 2593 793 2678 primus
820 2593 890 2654 in
918 2593 1093 2655 hunc
1123 2591 1336 2677 operis
1366 2613 1756 2677 componere
1786 2593 2072 2656 carmina
2098 2614 2368 2658 morem.

546 2705 886 2768 detrahere
918 2710 987 2768 et
1020 2705 1279 2789 pellem,
1310 2703 1560 2768 nitidus
1592 2727 1721 2791 qua
1752 2705 2026 2791 quisque
2061 2727 2180 2790 per
2210 2728 2322 2768 ora

548 2817 830 2894 cederet,
860 2817 1215 2880 introrsum
1244 2816 1477 2901 turpiS,
1506 2839 1666 2879 num
1699 2816 1956 2880 Laelius
1987 2822 2102 2880 aut
2133 2817 2245 2902 qui
2685 2831 2750 2893 65

548 2929 737 2993 duxit
765 2929 849 2993 ab
880 2951 1190 3014 oppressa
1217 2929 1525 2992 meritum
1561 2927 1958 3014 Carthagine
1988 2951 2250 3006 nomen,

547 3040 813 3126 ingenio
844 3042 1075 3105 offensi
1104 3048 1220 3104 aut
1248 3043 1423 3105 laeso
1453 3041 1719 3104 doluere
1750 3041 2022 3106 Metello

546 3155 937 3239 famosisque
970 3154 1155 3238 Lupo
1192 3160 1497 3238 cooperto
1526 3155 1877 3219 versibus?
1923 3154 2109 3239 atqui

544 3269 861 3353 primores
891 3267 1115 3352 populi
1144 3267 1417 3351 arripuit
1445 3269 1888 3352 populumque
1916 3266 2237 3346 tributim,

546 3381 793 3446 scilicet
820 3378 935 3441 uni
964 3400 1209 3464 aequus
1238 3378 1470 3443 virtuti
1498 3386 1696 3463 atque
1729 3380 1868 3443 eius
1897 3379 2142 3444 amicis.
2690 3410 2757 3454 70

550 3495 703 3580 quin
736 3492 848 3555 ubi
879 3515 949 3554 se
984 3514 1024 3553 a
1051 3492 1253 3575 vulgo
1290 3498 1359 3556 et
1388 3514 1620 3556 scaena
1650 3492 1717 3554 in
1749 3499 2000 3556 secreta
2027 3501 2356 3557 remorant

546 3607 755 3670 virtus
792 3603 1127 3688 Scipiadae
1160 3610 1229 3666 et
1254 3604 1432 3668 mitis
1464 3605 1784 3688 sapientia
1815 3604 2014 3682 Laeli,

544 3718 777 3804 nugari
810 3740 957 3780 cum
986 3717 1097 3779 illo
1128 3723 1197 3780 et
1225 3716 1533 3780 discincti
1564 3718 1810 3795 ludere,
1843 3718 2051 3782 donec

544 3832 1015 3916 decoqueretur
1043 3831 1253 3910 1101118,
1286 3831 1481 3896 soliti.
1589 3833 1898 3918 quicquid
1927 3855 2073 3896 811111
2104 3855 2251 3919 eg0,
2287 3835 2581 3920 quamvis

541 3943 711 4006 infra
741 3943 948 4008 Lucili
978 3966 1244 4008 censum
1272 3945 1766 4030 ingeniumque,
1800 3954 2024 4010 tamen
2050 3967 2157 4010 me
2689 3977 2717 4023 7
2732 3979 2754 4024 5
