3109 4817
610 217 730 284 152

1470 215 1930 280 HORA'PII

1004 391 1415 477 mundaeque
1444 413 1649 478 parvo
1677 392 1800 456 sub
1829 392 1964 456 lare
1993 414 2350 478 pauperum

1006 527 1203 570 cenae
1234 506 1373 569 sine
1407 505 1648 568 aulaeis
1679 511 1748 568 et
1777 511 1954 568 ostro

1010 619 1351 683 sollicitam
1380 619 1748 702 explicuere
1776 617 2078 682 frontem.

1008 733 1137 794 iam
1167 733 1376 796 clarus
1406 732 1732 794 occultum
1761 729 2222 796 Andromedae
2251 741 2438 818 pater

1010 844 1299 908 ostendit
1324 843 1573 928 ignem,
1603 844 1734 905 iam
1762 864 2050 927 procyon
2079 845 2240 909 furit

1012 963 1081 1020 et
1110 957 1296 1020 stella
1322 955 1549 1022 vesani
1578 955 1807 1034 leonis,

1010 1070 1145 1134 sole
1174 1069 1315 1134 dies
1343 1069 1665 1132 referente
1696 1070 1940 1145 siccos3

1008 1182 1139 1243 iam
1168 1187 1392 1264 pastor
1418 1181 1682 1244 umbras
1711 1203 1860 1244 cum
1890 1203 2096 1266 grege
2125 1182 2435 1268 languido

1012 1294 1354 1378 rivumque
1384 1294 1595 1358 fessus
1627 1293 1880 1378 quaerit
1909 1302 1979 1358 et
2006 1295 2252 1358 horridi

1012 1407 1278 1470 dumeta
1312 1407 1580 1485 Silvani,
1612 1414 1918 1492 caretque

1012 1520 1154 1604 ripa
1182 1521 1369 1604 vagis
1398 1519 1722 1583 taciturna
1748 1520 1987 1585 ventis.

1015 1639 1089 1696 tu
1118 1631 1451 1697 civitatem
1483 1631 1627 1716 quis
1657 1629 1886 1697 deceat
1915 1638 2125 1697 status

1014 1767 1199 1808 ouras
1230 1750 1299 1807 et
1326 1743 1475 1807 urbi
1504 1742 1818 1807 sollicitus
1847 1743 2039 1808 times

1017 1857 1173 1942 quid
1208 1856 1397 1921 Seres
1428 1863 1498 1919 et
1522 1861 1798 1940 regnata
1832 1855 2002 1940 Cyro

1012 1971 1249 2033 Baetra
1275 1974 1509 2052 parent
1536 1968 1899 2053 Tanaisque
1929 1968 2196 2034 discors,

1014 2081 1302 2166 prudens
1331 2080 1533 2144 futuri
1563 2081 1877 2164 temporis
1907 2082 2154 2145 exitum

1015 2193 1368 2278 caliginosa
1396 2199 1592 2256 noete
1620 2192 1862 2276 premit
1889 2192 2072 2272 dene,

1014 2306 1313 2390 ridetque
1344 2305 1399 2369 si
1427 2305 1720 2369 mortalis
1751 2305 1922 2369 ultra

1018 2419 1115 2482 fas
1146 2417 1451 2503 trepidat.
1559 2418 1733 2502 quod
1761 2418 1950 2483 adest
1977 2425 2306 2484 memento

1020 2551 1405 2615 componere
1434 2552 1716 2615 aequus:
1763 2539 1981 2594 cetera
2008 2531 2290 2596 fluminis

1018 2645 1152 2708 ritu
1178 2645 1495 2723 feruntur,
1526 2667 1703 2708 nuno
1732 2645 1949 2708 medio
1978 2647 2164 2709 alveo

1020 2780 1167 2822 oum
1197 2779 1355 2841 paee
1385 2756 1751 2822 delabentis
1780 2757 2127 2822 Etruscum

1019 2870 1089 2932 in
1118 2891 1318 2948 mare,
1348 2892 1522 2934 nuno
1548 2869 1800 2954 lapides
1829 2869 2058 2934 adesos

1024 2981 1389 3066 stirpesque
1418 2987 1641 3066 raptas
1672 2989 1740 3046 et
1769 3004 1966 3066 pecus
1998 2989 2067 3047 et
2093 2983 2321 3048 domos

1022 3092 1347 3158 volventis
1376 3117 1527 3173 una,
1556 3116 1690 3158 non
1720 3095 1859 3158 sine
1889 3096 2206 3158 montium

1023 3208 1301 3271 clamore
1328 3206 1710 3291 vicinaeque
1741 3206 1964 3285 silvae,

1024 3342 1173 3384 cum
1200 3319 1336 3382 fera
1364 3317 1651 3384 diluvies
1675 3319 1928 3404 quietos

1023 3431 1251 3494 inritat
1277 3453 1522 3496 amnes.
1626 3432 1736 3495 ille
1765 3439 1999 3516 potens
2029 3430 2130 3496 sui

1024 3541 1361 3628 laetusque
1392 3544 1616 3628 deget,
1648 3544 1752 3607 cui
1781 3544 1936 3608 licet
1962 3543 2032 3606 in
2061 3544 2240 3608 diem

1025 3656 1268 3720 dixisse
1300 3661 1321 3690 ‘
1338 3655 1514 3720 vixi:
1561 3677 1702 3720 cras
1730 3657 1838 3720 vel
1865 3662 2007 3720 atra

1024 3769 1200 3832 nube
1229 3769 1451 3853 polum
1480 3774 1667 3853 pater
1695 3775 2008 3852 occupato

1026 3881 1133 3944 vel
1162 3882 1297 3945 sole
1325 3902 1528 3965 pur03
1574 3902 1706 3944 non
1737 3887 1956 3944 tamen
1983 3881 2238 3945 irritum

1029 3993 1479 4079 quodcumque
1507 3999 1684 4058 retro
1715 4000 1817 4058 est
1845 3993 2102 4074 efficiet,
2131 4016 2346 4080 neque

2751 2227 2812 2272 ⁴30

2751 3353 2824 3399 40

2747 3913 2818 3961 45
