3109 4817
856 180 1619 246 EPISTULARUM
1681 182 1715 243 I
1782 182 1883 258 19,
1940 183 2021 245 20

337 363 782 420 contrectatus
812 356 927 419 ubi
956 358 1258 420 manibus
1289 357 1663 420 sordescere
1693 357 1879 441 vulgi

337 472 650 556 coeperis,
683 479 798 536 aut
827 472 1037 536 tineas
1067 494 1295 555 pasces
1326 472 1688 535 taciturnus
1711 471 1978 550 inerteS,

337 591 451 647 aut
479 585 692 670 fugies
726 583 988 648 Uticam
1019 591 1133 647 aut
1166 586 1428 649 vinctus
1459 585 1741 648 mitteris
1771 585 2077 649 Ilerdam.

337 697 581 761 ridebit
608 698 896 761 monitor
923 719 1055 760 non
1088 697 1456 776 exauditus,
1491 705 1566 760 ut
1593 698 1703 760 ille

340 810 452 894 qui
479 810 647 873 male
679 816 1019 894 parentem
1047 809 1117 872 in
1148 830 1345 894 rupes
1377 810 1695 894 protrusit
1724 812 1994 874 asellum

335 921 576 986 iratus:
626 921 770 1006 quis
806 921 981 985 enim
1009 921 1295 986 invitum
1324 943 1586 986 servare
1616 922 1920 987 laboret?

338 1036 463 1098 hoc
493 1056 751 1119 quoque
783 1041 849 1098 te
878 1041 1125 1112 manet,
1156 1042 1233 1097 ut
1262 1056 1498 1119 pueros
1529 1035 1853 1099 elementa
1880 1036 2225 1100 docentem

340 1154 614 1231 occupet
649 1146 958 1210 extremis
989 1146 1059 1209 in
1088 1146 1252 1210 vicis
1283 1147 1478 1209 balba
1509 1153 1834 1211 senectus,

340 1282 488 1323 cum
519 1259 644 1323 tibi
674 1260 770 1322 sol
801 1259 1062 1343 tepidus
1094 1259 1297 1343 pluris
1328 1259 1695 1322 admoverit
1722 1281 1933 1337 aureS,

340 1394 446 1435 me
473 1371 782 1435 libertino
812 1378 1040 1433 natum
1072 1377 1280 1455 patre,
1315 1378 1384 1433 et
1410 1370 1479 1432 in
1512 1372 1695 1434 tenui
1724 1394 1817 1449 re,

343 1483 615 1548 maiores
647 1506 894 1567 pennas
924 1483 1081 1546 nido
1111 1483 1485 1547 extendisse
1515 1484 1824 1569 loqueriS‚

344 1604 419 1659 ut
450 1603 768 1681 quantum
799 1597 1029 1681 generi
1059 1597 1307 1673 demaS,
1340 1597 1696 1660 virtutibus
1727 1597 1927 1661 addas
1950 1623 1967 1672 ;

342 1732 447 1773 me
478 1710 702 1793 primis
733 1710 914 1772 urbis
944 1709 1099 1772 belli
1129 1710 1447 1793 placuisse
1478 1710 1784 1795 domique
1806 1736 1824 1786 3

343 1821 628 1906 corporis
660 1821 904 1906 exigui,
938 1843 1350 1905 praecanam,
1384 1822 1629 1885 solibus
1660 1830 1909 1907 aptum,

341 1933 530 1998 irasci
562 1935 860 2012 celerem,
895 1940 1116 1998 tamen
1146 1942 1223 1998 ut
1251 1935 1586 2018 placabilis
1618 1957 1848 1998 essem.

343 2047 510 2110 forte
538 2068 760 2110 meum
793 2046 996 2130 siquis
1027 2053 1094 2110 te
1126 2047 1619 2132 percontabitur
1647 2070 1904 2125 aevum,

343 2180 449 2222 me
481 2166 710 2243 quater
741 2159 1034 2222 undenos
1067 2158 1231 2222 sciat
1257 2160 1634 2244 implevisse
1666 2161 2051 2237 decembris,

340 2272 657 2356 collegam
689 2272 1011 2357 Lepidum
1044 2294 1170 2357 quo
1200 2272 1392 2335 duxit
1422 2274 1667 2337 Lollius
1698 2296 1887 2338 anno,

2428 183 2550 245 351

2500 841 2555 887 Ι5

2491 1402 2556 1435 20
