3109 4817
576 175 701 241 308
1442 173 1882 239 HORATII

578 372 695 437 per
722 371 898 415 mare
927 349 1303 435 pauperiem
1336 350 1619 435 fugiens,
1650 373 1768 435 per
1796 372 1973 429 saxa,
2003 373 2122 436 per
2148 352 2370 437 ignes:

578 485 662 527 ne
691 485 878 528 cures
913 485 1009 541 ea,
1043 483 1211 547 quae
1240 463 1439 527 stulte
1470 463 1724 528 miraris
1755 469 1824 528 et
1852 471 2062 549 optas,

578 576 826 641 discere
856 582 925 640 et
950 576 1176 639 audire
1206 582 1275 640 et
1302 575 1554 640 meliori
1585 576 1848 642 credere
1875 598 2009 640 non
2038 577 2140 642 vis
2163 578 2191 642 Ρ

581 689 728 774 quis
758 688 997 752 circum
1025 710 1231 774 pagos
1261 695 1330 753 et
1358 688 1602 753 circum
1636 689 1919 774 compita
1946 711 2217 775 pugnax

580 823 818 886 magna
846 801 1137 865 coronari
1165 807 1543 865 contemnat
1574 802 1898 887 Olympia,
1929 801 2036 866 cui
2063 825 2235 887 spes,

582 913 691 979 cui
724 913 812 978 sit
838 914 1130 978 condicio
1161 913 1369 978 dulcis
1405 913 1545 977 sine
1576 914 1848 999 pulvere
1877 915 2181 1000 palmae?

581 1026 773 1092 vilius
801 1033 1148 1112 argentum
1178 1033 1281 1091 est
1306 1048 1488 1106 aur0,
1518 1027 1874 1092 virtutibus
1903 1050 2156 1091 aurum.

585 1144 605 1174 ‘
626 1161 665 1204 0
694 1140 891 1218 cives,
922 1139 1120 1218 cives,
1152 1139 1523 1224 quaerenda
1550 1139 1830 1224 pecunia
1857 1139 2142 1224 primum
2173 1148 2314 1218 est,

582 1254 794 1318 virtus
827 1260 979 1339 post
1004 1273 1307 1318 nummos
1323 1254 1379 1316 ἐ
1425 1252 1586 1317 haec
1615 1253 1818 1316 Ianus
1848 1275 2143 1318 summus
2172 1254 2255 1318 ab
2283 1255 2416 1317 imo

584 1365 913 1451 prodocet,
944 1367 1103 1430 haec
1131 1365 1434 1430 recinunt
1459 1365 1734 1429 iuvenes
1764 1366 2008 1430 dictata
2037 1388 2354 1452 senesque

582 1479 769 1545 laevo
800 1477 1099 1563 suspensi
1124 1478 1369 1542 loculos
1397 1477 1818 1564 tabulamque
1846 1479 2109 1544 lacerto·

586 1599 689 1657 est
715 1591 970 1656 animus
1000 1590 1143 1669 tibi,
1174 1596 1330 1655 sunt
1356 1611 1594 1668 mores,
1627 1598 1729 1654 est
1755 1590 1986 1675 lingua
2014 1592 2328 1677 fidesque,

586 1705 701 1770 sed
731 1703 1223 1789 quadringentis
1254 1725 1370 1768 sex
1400 1710 1654 1788 septem
1683 1703 1860 1766 milia
1888 1703 2164 1768 desunt:

585 1817 770 1902 plebs
800 1817 947 1882 eris,
1047 1823 1119 1881 at
1146 1816 1334 1901 pueri
1361 1815 1667 1880 ludentes
1699 1820 1719 1850 ‘
1740 1837 1856 1879 rex
1887 1816 2014 1880 eris
2031 1817 2051 1847 '
2081 1816 2289 1895 aiunt,

587 1935 607 1965 ‘
627 1929 684 1994 si
711 1936 887 1994 recte
915 1928 1168 1993 facies’.
1268 1927 1375 1992 hic
1404 1951 1633 1993 murus
1661 1949 1900 1992 aeneus
1931 1935 2094 2007 est0,

586 2042 679 2106 nil
707 2040 994 2106 conscire
1022 2040 1171 2120 sibi,
1201 2041 1381 2104 nulla
1408 2040 1758 2126 pallescere
1788 2041 1993 2126 culpa.

588 2155 844 2234 Roscia,
874 2155 981 2219 dic
1008 2155 1221 2232 sodes,
1252 2155 1482 2219 melior
1508 2155 1618 2218 lex
1647 2177 1731 2217 an
1761 2176 2117 2239 puerorum
2147 2161 2250 2219 est

589 2268 805 2348 nenia,
838 2287 1005 2351 quae
1033 2288 1315 2352 regnum
1344 2273 1521 2330 recte
1551 2266 1942 2331 facientibus
1973 2268 2184 2346 offert,

592 2387 661 2444 et
687 2379 975 2444 maribus
1009 2378 1222 2442 Curiis
1252 2385 1321 2443 et
1348 2379 1693 2444 decantata
1726 2378 2012 2444 Camillis
2038 2381 2065 2444 ?

594 2493 737 2556 isne
766 2490 889 2556 tibi
917 2490 1151 2556 melius
1182 2491 1413 2555 suadet
1446 2491 1581 2577 qui,
1611 2514 1752 2557 rem
1781 2492 1999 2571 facias,
2030 2515 2190 2571 rem,

594 2604 651 2669 si
681 2603 913 2688 possis,
944 2609 1142 2682 recte,
1174 2603 1229 2668 si
1259 2625 1413 2682 non,
1448 2626 1862 2690 quocumque
1891 2605 2086 2668 modo
2114 2628 2275 2685 rem,

592 2723 669 2782 ut
698 2716 968 2802 propius
998 2723 1252 2801 spectes
1282 2717 1621 2781 lacrimosa
1649 2725 1952 2802 poemata
1979 2717 2172 2803 Pupi,

598 2852 683 2892 an
715 2829 830 2914 qui
862 2829 1189 2893 Fortunae
1219 2835 1286 2892 te
1314 2850 1698 2914 responsare
1729 2830 2049 2916 superbae

593 2941 873 3005 liberum
904 2947 974 3005 et
1001 2947 1290 3005 erectum
1318 2963 1627 3026 praesens
1656 2941 1958 3007 hortatur
1988 2950 2056 3007 et
2083 2945 2319 3028 aptat?

596 3054 827 3141 quodsi
854 3075 960 3118 me
989 3054 1271 3138 populus
1302 3033 1636 3120 Romanus
1665 3055 1834 3120 forte
1862 3063 2076 3140 roget,
2108 3079 2223 3121 cur

593 3188 729 3231 non
758 3173 835 3230 ut
863 3165 1221 3251 porticibus
1250 3166 1343 3230 sic
1371 3167 1628 3232 iudiciis
1657 3169 1834 3232 fruar
1860 3169 2092 3247 isdem,

592 3301 720 3343 nec
750 3300 984 3364 sequar
1011 3287 1126 3343 aut
1154 3280 1403 3365 fugiam
1434 3303 1601 3366 quae
1630 3281 1851 3365 diligit
1877 3282 2020 3367 ipse
2049 3282 2157 3346 vel
2187 3282 2348 3361 odit,

596 3391 750 3455 olim
786 3390 962 3476 quod
991 3393 1225 3477 vulpes
1254 3398 1523 3478 aegroto
1552 3400 1746 3457 cauta
1772 3393 1947 3458 leoni

595 3503 933 3589 respondit
963 3504 1272 3569 referam:
1322 3510 1342 3540 ‘
1366 3505 1521 3591 quia
1546 3527 1654 3569 me
1684 3507 1967 3592 vestigia
1996 3514 2264 3587 terrent,

597 3616 813 3680 omnia
841 3624 908 3681 te
942 3617 1291 3683 adversum
1322 3619 1706 3703 spectantia,
1736 3621 1915 3684 nulla
1941 3624 2354 3686 retrorsum’.

2711 829 2776 878 50

2712 1391 2776 1440 55

2709 1941 2777 1988 60

2728 3087 2796 3133 70

2729 3652 2794 3701 75

596 3728 789 3793 belua
820 3730 1174 3793 multorum
1204 3752 1274 3794 es
1304 3731 1612 3816 capitum.
1715 3753 1866 3794 nam
1898 3732 2057 3817 quid
2085 3756 2321 3820 sequar
2347 3742 2463 3798 aut
2491 3737 2734 3820 quem?

595 3865 745 3927 pars
773 3843 818 3906 h
831 3843 1116 3906 ominum
1146 3844 1353 3928 gestit
1380 3845 1739 3908 conducere
1770 3845 2067 3930 publica3
2113 3854 2268 3912 sunt
2299 3847 2410 3933 qui

600 3954 833 4018 crustis
862 3961 931 4018 et
964 3955 1175 4040 pomis
1204 3956 1434 4022 viduas
1462 3963 1790 4023 venentur
1817 3980 2045 4023 avaras
