3109 4817
1084 242 1662 308 SERMONUM
1725 244 1797 305 11
1859 246 1893 308 7

385 420 494 505 qui
521 421 652 484 iam
683 426 1014 498 contenbO,
1043 420 1176 483 iam
1204 421 1352 483 laxo
1382 420 1536 483 fune
1566 420 1838 483 laborat?
1848 468 1863 482 .

380 554 513 596 non
542 533 720 596 dices
748 532 942 596 hodie
974 554 1280 617 quorsum
1310 533 1470 597 haec
1501 540 1637 596 tam
1667 532 1895 617 putida
1925 532 2221 610 tendant,

379 646 688 709 furcifer?
740 651 758 680 ‘
778 646 860 708 ad
891 652 979 722 te,
1009 646 1320 730 inquam’.
1426 667 1552 730 quo
1584 652 1797 729 pactO,
1828 646 2156 730 pessime?
2216 645 2481 709 ‘laudas

378 759 704 822 fortunam
735 766 803 822 et
829 780 1043 822 mores
1071 760 1376 843 antiquae
1405 758 1638 843 plebis,
1672 766 1740 822 et
1766 758 1963 837 idem,

379 871 582 956 siquis
610 872 694 933 ad
720 872 832 935 illa
859 871 1020 935 deus
1051 870 1267 935 subito
1299 877 1366 934 te
1395 878 1574 955 agat,
1606 893 1809 956 usque
1840 893 2121 949 recuseS,

379 991 492 1047 aut
523 984 674 1068 quia
699 1005 834 1047 non
863 984 1068 1047 sentis
1099 983 1272 1068 quod
1303 984 1540 1047 clamas
1570 984 1809 1047 rectius
1841 1006 2006 1061 esse,

379 1103 493 1160 aut
523 1096 674 1181 quia
701 1119 832 1160 non
862 1096 1085 1161 firmus
1113 1102 1365 1160 rectum
1395 1095 1693 1160 defendis
1724 1104 1792 1160 et
1818 1097 2047 1161 haeres

379 1209 773 1294 nequiquam
803 1231 1002 1272 caeno
1034 1210 1301 1293 cupiens
1333 1210 1610 1273 evellere
1640 1210 1951 1294 plantam.

381 1320 626 1385 Romae
654 1344 767 1385 rus
797 1329 1006 1407 optas,
1039 1323 1377 1386 absentem
1407 1322 1690 1386 rusticus
1718 1323 1949 1385 urbem

295 1424 302 1429 ¹
380 1434 552 1497 tollis
582 1433 666 1497 ad
695 1442 872 1499 astra
899 1435 1082 1500 levis.
1186 1435 1242 1498 si
1270 1456 1590 1519 nusquam
1623 1456 1693 1498 es
1721 1435 1890 1499 forte
1920 1444 2189 1501 vocatus

377 1546 460 1609 ad
491 1568 738 1624 cenam,
768 1548 991 1611 laudas
1023 1568 1318 1611 securum
1348 1548 1536 1611 holus
1566 1570 1662 1625 ac,
1694 1549 1878 1612 velut
1904 1570 2181 1633 usquam

379 1660 637 1723 vinctus
668 1682 799 1738 eaS,
828 1660 924 1723 ita
953 1667 1018 1724 te
1049 1660 1300 1723 felicem
1335 1659 1496 1723 dicis
1527 1682 1833 1745 amasque

381 1773 553 1858 quod
583 1796 902 1858 nusquam
934 1774 1057 1837 tibi
1085 1774 1173 1837 sit
1201 1773 1581 1857 potandum.
1684 1772 1947 1837 iusserit
1975 1773 2058 1836 ad
2088 1795 2159 1837 se

381 1885 726 1949 Maecenas
757 1908 970 1949 serum
1002 1886 1124 1949 sub
1155 1885 1398 1948 lumina
1426 1885 1636 1969 prima
1666 1886 1889 1949 venire

379 2000 742 2077 convivam,
777 2003 822 2033 “
843 2020 1082 2061 nemon
1113 1999 1326 2061 oleum
1355 1997 1484 2061 fert
1513 1998 1740 2061 ocius?
1788 1997 2009 2082 ecquis

378 2113 562 2177 audit
582 2114 665 2177 ?''
712 2136 858 2177 cum
887 2136 1129 2199 magno
1159 2114 1440 2177 blateras
1472 2114 1750 2177 clamore
1782 2114 2108 2199 fugisque.

379 2225 670 2290 Mulvius
701 2232 771 2289 et
798 2248 1056 2290 scurrae
1087 2226 1209 2289 tibi
1238 2247 1370 2289 non
1399 2226 1742 2288 referenda
1771 2224 2018 2309 precati

378 2338 743 2401 discedunt.
848 2342 894 2373 ‘⁶‘
914 2338 1156 2401 etenim
1185 2338 1392 2400 fateor
1420 2359 1525 2400 me
1547 2338 1589 2367 ’'
1622 2336 1861 2400 dixerit
1892 2337 2001 2400 ille

381 2454 426 2484 “
443 2449 595 2513 duci
623 2457 854 2513 ventre
883 2451 1118 2527 levem,
1148 2472 1378 2513 nasum
1407 2449 1636 2512 nidore
1668 2448 1955 2533 supinor,

376 2563 737 2641 inbecillus,
772 2563 946 2626 iners
950 2611 971 2640 ,
1003 2561 1217 2647 siquid
1247 2562 1371 2640 vis,
1402 2561 1593 2639 adde,
1625 2562 1889 2645 popinO.

380 2682 452 2739 tu
481 2699 628 2739 cum
657 2676 746 2740 sis
778 2675 951 2760 quod
981 2696 1106 2760 ego
1137 2682 1205 2739 et
1233 2675 1526 2739 fortassis
1555 2676 1852 2759 nequior,
1884 2675 2055 2739 ultro

375 2790 694 2853 insectere
723 2788 906 2852 velut
932 2787 1182 2865 melior,
1211 2788 1562 2873 verbisque
1592 2787 1842 2851 decoris

377 2901 686 2965 obvolvas
715 2900 950 2964 vitium
973 2900 1054 2964 ?'’
1104 2899 1282 2985 quid,
1315 2900 1371 2964 si
1400 2922 1506 2963 me
1537 2900 1800 2964 stultior
1828 2899 1972 2983 ipso

379 3013 751 3098 quingentis
782 3019 1002 3097 empto
1032 3012 1356 3077 drachmis
1385 3013 1863 3098 deprenderis?
1910 3014 2092 3076 aufer

374 3148 478 3189 me
508 3126 696 3190 vultu
723 3132 968 3189 terrere
991 3150 1012 3202 3
1058 3147 1321 3189 manum
1352 3125 1889 3208 stomachumque
1920 3130 2167 3203 teneto,

374 3237 530 3301 dum
563 3260 726 3322 quae
761 3237 1044 3322 Crispini
1071 3237 1295 3301 docuit
1321 3259 1428 3300 me
1456 3238 1697 3300 ianitor
1727 3237 1871 3299 edo,

374 3357 440 3414 te
473 3352 755 3414 coniunx
783 3350 992 3413 aliena
1021 3350 1217 3434 capit,
1248 3349 1659 3413 meretricula
1688 3348 1965 3411 Davum.

372 3469 600 3546 peccat
625 3470 773 3525 uter
799 3470 1095 3525 nostrum
1127 3482 1314 3524 cruce
1344 3460 1659 3545 dignius?
1706 3459 1871 3523 acris
1902 3459 2015 3522 ubi
2044 3481 2148 3522 me

372 3582 604 3639 natura
629 3574 935 3653 intendit,
967 3575 1089 3638 sub
1120 3574 1290 3637 clara
1316 3572 1493 3635 nuda
1520 3572 1785 3635 lucerna

375 3710 812 3773 quaecumque
843 3688 1102 3771 excepit
1130 3684 1456 3770 turgentis
1485 3684 1763 3749 verbera
1792 3682 2056 3759 caudae,

372 3800 668 3864 clunibus
695 3807 810 3863 aut
839 3798 1116 3884 agitavit
1145 3820 1382 3883 equum
1411 3796 1653 3861 lasciva
1685 3796 2010 3881 supinum,

370 3912 643 3976 dimittit
668 3935 882 3997 neque
910 3913 1228 3976 famosum
1255 3932 1470 3995 neque
1501 3908 1849 3973 sollicitum
1879 3930 1963 3972 ne

370 4024 564 4087 ditior
591 4031 705 4089 auh
731 4026 973 4089 formae
1003 4024 1285 4089 melioris
1314 4024 1514 4086 meiat
1543 4022 1793 4087 eodem.

2454 248 2578 310 299

2513 450 2582 484 20

2513 1015 2577 1063 25

2516 1578 2578 1625 30

2514 2142 2573 2192 35

2504 2708 2573 2753 40

2498 3270 2565 3317 45

2502 3828 2565 3874 50
