3109 4817
996 209 1605 278 SERMONUM
1671 211 1753 273 II
1815 212 1852 273 3
2434 210 2553 275 277

340 387 532 450 crede
561 387 756 451 modo
784 386 1107 465 insanum,
1138 387 1341 471 nihilo
1371 394 1446 450 ut
1475 386 1831 470 sapientior
1858 386 1989 462 ille,

343 498 454 584 qui
482 505 550 563 te
579 499 857 579 deridet,
889 500 1160 564 caudam
1189 499 1426 563 trahat.
1531 506 1635 563 est
1662 520 1872 585 genus
1902 521 2105 562 unum

339 613 656 677 stultitiae
683 613 959 676 nihilum
989 612 1342 677 metuenda
1369 612 1687 693 timentiS,
1718 619 1795 676 ut
1822 612 2035 697 ignes,

338 732 414 790 ut
439 746 637 810 rupes
666 724 1030 811 fluviosque
1061 726 1131 789 in
1161 746 1390 809 campo
1421 726 1683 789 obstare
1715 731 2055 811 queratur:
2482 756 2544 804 55

335 838 610 901 alterum
641 844 710 901 et
735 838 888 901 huic
915 860 1146 902 varum
1175 844 1245 902 et
1270 838 1475 901 nihilo
1505 837 1864 922 sapientius
1890 838 2082 923 ignes

340 971 458 1034 per
484 950 734 1014 medios
764 950 1128 1035 fluviosque
1155 949 1427 1013 ruentis.
1529 950 1768 1013 clamet
1794 949 2022 1030 amica,

339 1068 569 1142 mater,
599 1064 876 1127 honesta
905 1084 1087 1127 soror
1115 1084 1265 1126 cum
1295 1062 1615 1147 cognatis,
1646 1068 1855 1147 pater,
1886 1084 2053 1126 uxor

343 1179 362 1209 ‘
381 1175 488 1239 1110
517 1176 690 1240 fossa
717 1182 822 1240 est
847 1175 1107 1261 ingens,
1137 1175 1244 1238 hic
1271 1196 1469 1259 rupes
1497 1174 1815 1238 maxima:
1862 1196 2051 1239 serva
2074 1175 2125 1239 !’

337 1308 471 1351 non
499 1287 710 1373 magis
739 1287 1020 1352 audierit
1048 1309 1242 1372 quam
1275 1286 1496 1382 Fufius
1532 1286 1751 1351 ebrius
1782 1287 1957 1365 olim,
2480 1304 2546 1351 60

340 1421 488 1463 cum
516 1400 793 1464 Ilionam
823 1399 1123 1479 edormit,
1160 1398 1446 1463 Catienis
1475 1400 1653 1463 mille
1681 1399 2002 1478 ducentiS,

343 1516 363 1545 ‘
381 1519 610 1591 mater,
643 1520 710 1577 te
744 1513 1001 1598 appello
1019 1513 1038 1544 '
1070 1513 1521 1577 clamantibus,
1624 1512 1775 1576 huic
1806 1534 1931 1599 ego
1961 1514 2200 1597 vulgus

343 1626 543 1689 errori
572 1626 848 1691 similem
879 1632 1192 1690 cunctum
1219 1624 1505 1689 insanire
1535 1626 1809 1690 docebo,

273 1806 278 1811 ,
339 1737 584 1802 insanit
609 1744 870 1803 veteres
899 1743 1150 1802 statuas
1181 1737 1619 1823 Damasippus
1649 1738 1959 1802 emendo:

341 1852 602 1937 integer
631 1858 734 1915 est
760 1852 1001 1915 mentis
1032 1851 1414 1936 Damasippi
1443 1851 1777 1915 creditor?
1825 1858 2002 1916 esto:
2480 1868 2544 1929 65

340 1964 562 2049 accipe
591 1964 766 2050 quod
795 1986 1150 2049 numquam
1178 1964 1414 2028 reddas
1443 1963 1627 2042 mihi,
1659 1964 1716 2027 si
1746 1963 1868 2028 tibi
1895 1964 2129 2041 dicam,

343 2082 500 2140 tune
528 2075 796 2141 insanus
827 2076 954 2140 eris
985 2076 1042 2141 si
1068 2076 1447 2161 acceperis?
1493 2098 1578 2139 an
1606 2075 1819 2161 magis
1851 2097 2077 2139 excors

340 2188 582 2252 reiecta
609 2188 872 2273 praeda,
906 2211 1098 2273 quam
1128 2208 1436 2274 praesens
1465 2188 1830 2251 Mercurius
1860 2188 2037 2252 fert?

345 2301 554 2366 scribe
584 2300 812 2365 decem
841 2323 882 2364 a
909 2300 1152 2365 Nerio:
1195 2323 1330 2363 11011
1361 2307 1462 2364 est
1493 2301 1690 2365 satis:
1737 2301 1906 2363 adde
1941 2300 2204 2365 Cicutae

342 2414 575 2478 nodosi
608 2414 864 2477 tabulas
895 2421 1180 2491 centum,
1211 2413 1388 2477 mille
1418 2413 1587 2477 adde
1616 2421 1911 2478 catenas:
2483 2447 2551 2491 70

343 2526 616 2611 effugiet
643 2533 865 2589 tamen
891 2526 1051 2590 haec
1081 2526 1432 2590 sceleratus
1459 2526 1721 2590 vincula
1748 2526 2047 2592 Proteus.

345 2660 490 2701 cum
517 2638 732 2725 rapies
759 2639 832 2701 in
865 2638 966 2702 ius
995 2637 1182 2702 malis
1210 2638 1536 2703 ridentem
1564 2638 1815 2717 alienis,

338 2752 454 2815 fiet
480 2772 659 2836 aper,
687 2751 884 2814 modo
913 2751 1076 2828 aviS,
1105 2750 1302 2815 modo
1333 2773 1563 2815 saxum
1594 2759 1683 2832 et,
1715 2775 1865 2817 cum
1893 2754 2094 2833 volet,
2126 2756 2339 2820 arbor.

345 2866 401 2928 si
428 2865 595 2928 male
623 2886 765 2928 rem
795 2885 1025 2948 gerere
1054 2863 1268 2927 insani
1299 2871 1421 2943 est,
1454 2872 1685 2929 contra
1710 2866 1880 2931 bene
1911 2867 2075 2945 sani,

343 2976 634 3061 putidius
661 2976 870 3039 multo
905 2976 1244 3040 cerebrum
1274 2982 1398 3055 est,
1434 2978 1597 3040 mihi
1626 2978 1839 3056 crede,
1870 2977 2107 3043 Perelli
2483 3010 2511 3055 7
2521 3010 2547 3056 5

343 3088 649 3153 dictantis
681 3088 858 3174 quod
886 3096 962 3152 tu
987 3111 1343 3174 numquam
1371 3090 1727 3153 rescribere
1757 3090 1990 3174 possis.

343 3202 566 3265 audire
595 3208 794 3287 atque
825 3209 1048 3287 togam
1077 3201 1272 3266 iubeo
1302 3222 1713 3286 componere,
1746 3202 2040 3287 quisquis

345 3314 700 3379 ambitione
728 3314 900 3377 mala
927 3320 1042 3378 aut
1069 3312 1331 3400 argenti
1358 3313 1561 3398 pallet
1590 3334 1831 3391 amore,

347 3428 640 3514 quisquis
669 3427 925 3493 luxuria
955 3428 1212 3492 tristive
1243 3426 1704 3512 superstitione

346 3548 461 3604 aut
488 3541 614 3604 alio
641 3540 884 3605 mentis
911 3542 1142 3605 morbo
1172 3540 1376 3604 calet:
1421 3540 1549 3603 11110
1580 3540 1849 3624 propius
1877 3562 2005 3618 me,
2485 3559 2550 3606 80

348 3652 504 3715 dum
533 3653 735 3717 doceo
764 3652 1050 3717 insanire
1080 3674 1327 3732 omnes,
1357 3673 1477 3717 vos
1509 3650 1734 3715 ordine
1764 3652 1963 3718 adite.

350 3765 564 3829 danda
592 3770 695 3829 est
729 3766 1000 3829 ellebori
1025 3765 1233 3828 multo
1263 3786 1413 3849 pars
1443 3764 1728 3827 maxima
1756 3765 2003 3829 avaris:

349 3878 566 3942 nescio
594 3901 678 3941 an
708 3877 1096 3963 Anticyram
1124 3877 1292 3941 ratio
1321 3877 1450 3941 illis
1480 3876 1769 3941 destinet
1799 3900 2079 3945 omnem.

347 3990 616 4056 heredes
651 3992 913 4057 Staberi
943 3998 1263 4055 summam
1292 3989 1581 4054 incidere
1612 3992 1931 4075 sepulcre,
