3109 4817
491 251 617 314 344
1352 246 1486 310 ΗΟ
1508 244 1807 309 RATII

1481 1543 1723 1607 XVIII

515 1755 708 1957 SI
739 1764 905 1827 bene
940 1769 1005 1826 te
1040 1763 1217 1842 novi,
1249 1771 1523 1842 metum,
1555 1764 1883 1828 liberrime
1915 1764 2104 1841 Lolli,

716 1874 1068 1939 scurrantis
1099 1877 1382 1960 speciem
1413 1878 1748 1961 praebere,
1782 1877 2110 1961 professus
2142 1877 2440 1942 amicum.

502 1997 576 2053 ut
603 1996 900 2052 matrona
929 1988 1255 2052 meretrici
1286 1989 1507 2073 dispar
1537 1990 1662 2053 erit
1691 1997 1887 2075 atque

501 2103 801 2179 discolor,
831 2102 1033 2164 infido
1065 2124 1321 2165 scurrae
1353 2103 1625 2166 distabit
1654 2103 1919 2166 amicus.

503 2221 604 2277 est
634 2213 782 2276 huic
812 2213 1142 2276 diversum
1174 2192 1336 2277 'vitio
1366 2214 1600 2277 vitium
1633 2236 1836 2299 prope
1866 2214 2096 2292 maiuS,

502 2327 814 2411 asperitas
845 2327 1124 2410 agrestis
1157 2333 1225 2389 et
1251 2327 1642 2390 inconcinna
1670 2328 2042 2413 gravisque,

504 2461 667 2524 quae
699 2461 768 2502 se
800 2439 1213 2502 commendat
1243 2446 1432 2503 tonsa
1462 2447 1634 2518 cute,
1667 2440 1977 2503 dentibus
2009 2439 2188 2517 atris,

502 2552 658 2615 dum
686 2552 831 2615 vult
858 2551 1127 2614 libertas
1157 2551 1285 2613 dici
1316 2573 1495 2614 mera
1522 2574 1808 2637 veraque
1838 2553 2062 2615 virtus

502 2666 709 2727 virtus
741 2671 843 2727 est
870 2663 1156 2727 medium
1189 2664 1497 2727 vitiorum
1530 2672 1598 2729 et
1629 2665 1955 2750 utrimque
1987 2665 2347 2728 reductum.

502 2778 666 2840 alter
692 2777 762 2838 in
794 2776 1177 2861 obsequium
1214 2777 1359 2861 plus
1390 2799 1598 2862 aequo
1629 2799 1872 2862 pronus
1903 2784 1973 2840 et
1999 2777 2116 2839 imi

502 2889 752 2952 derisor
780 2889 932 2952 lecti
963 2889 1055 2951 sic
1084 2896 1317 2951 nutum
1348 2889 1572 2953 divitis
1604 2890 1848 2969 horret,

503 3002 594 3066 sic
623 3002 818 3065 iterat
847 3023 1039 3065 voces
1072 3008 1139 3065 et
1168 3004 1369 3065 verba
1399 3002 1700 3065 cadentia
1729 3003 1923 3082 tollit,

504 3122 579 3179 ut
608 3136 881 3199 puerum
917 3135 1112 3176 saevo
1144 3114 1367 3177 credas
1400 3114 1646 3177 dictata
1675 3115 1991 3199 magistro

503 3228 775 3291 reddere
805 3227 913 3289 vel
944 3232 1162 3309 partes
1194 3226 1465 3288 mimum
1498 3233 1775 3290 tractare
1807 3229 2124 3292 secundas
2151 3255 2164 3291 ι

502 3342 667 3404 alter
694 3340 945 3401 rixatur
980 3338 1061 3402 de
1092 3339 1239 3401 lana
1269 3361 1461 3422 saepe
1494 3339 1778 3423 caprina,

504 3458 877 3537 propugnat
910 3452 1106 3535 nugis
1136 3458 1422 3515 armatus
1446 3476 1461 3513 ε
1511 3455 1530 3485 ‘
1556 3452 1805 3515 scilicet
1834 3459 1909 3515 ut
1937 3474 2069 3516 non

505 3566 592 3629 sit
619 3564 781 3637 mihj
810 3563 1019 3647 prima
1047 3564 1208 3627 fides
1246 3570 1313 3626 et
1343 3585 1497 3626 vere
1535 3564 1710 3648 quod
1746 3565 1963 3649 placet
1994 3572 2067 3628 ut
2095 3588 2225 3627 non

501 3679 735 3742 acriter
766 3678 1033 3740 elatrem
1060 3678 1087 3740 ?
1135 3678 1418 3760 pretium
1453 3684 1633 3740 aetas
1662 3678 1867 3740 altera
1895 3677 2168 3740 sordet'.

504 3791 864 3874 ambigitur
896 3789 1053 3874 quid
1085 3789 1309 3853 enim?
1362 3791 1594 3853 Castor
1629 3789 1793 3854 sciat
1821 3813 1905 3852 an
1939 3790 2246 3854 Dolichos
2278 3793 2422 3875 plus
2446 3816 2465 3868 ;

506 3901 926 3966 Brundisium
965 3901 1213 3964 Minuci
1246 3903 1478 3966 melius
1510 3902 1619 3965 via
1651 3903 1848 3966 ducat
1877 3925 1961 3965 an
1993 3902 2192 3987 Appi.

509 4038 700 4100 quem
731 4014 1041 4077 damnosa
1069 4013 1320 4092 Venus,
1357 4037 1547 4099 quem
1581 4038 1889 4098 praeceps
1926 4017 2065 4078 alea
2094 4017 2320 4093 nudat,

2649 2805 2710 2838 10
