3109 4817
508 225 592 288 48

1383 224 1825 289 HORATII

607 399 769 463 dant
797 400 960 462 alios
991 399 1196 463 furiae
1229 406 1419 463 torvo
1448 400 1819 483 spectacula
1847 398 2047 462 Marti
2070 424 2087 474 ;

610 513 812 576 exitio
844 521 948 577 est
976 513 1239 576 avidum
1271 535 1447 576 mare
1478 512 1695 576 nautis
1716 538 1733 588 3

606 626 813 689 mixta
842 647 1072 689 senum
1101 648 1177 689 ac
1206 626 1518 690 iuvenum
1549 626 1912 689 densentur
1939 627 2185 702 funera,
2217 626 2465 688 nullum

607 759 804 803 saeva
832 744 1032 822 caput
1061 737 1454 822 Proserpina
1482 739 1675 823 fugit.

604 873 711 915 me
741 874 1002 937 quoque
1031 851 1269 917 devexi
1298 852 1565 936 rapidus
1596 874 1815 916 comes
1847 852 2109 917 Orionis

552 1009 559 1016 -
607 964 887 1048 Illyricis
914 972 1114 1028 notus
1145 965 1365 1028 obruit
1393 964 1608 1028 undis.

605 1083 676 1141 at
703 1084 800 1156 tu,
828 1083 1051 1155 nauta,
1082 1099 1292 1163 vagae
1318 1099 1405 1141 ne
1436 1099 1630 1162 parce
1661 1078 1989 1163 malignus
2019 1078 2299 1141 harenae

610 1189 867 1253 ossibus
898 1196 967 1253 et
994 1190 1195 1274 capiti
1222 1190 1565 1254 inhumato

605 1301 985 1385 particulam
1015 1302 1170 1365 dare
1197 1330 1211 1366 :
1260 1302 1375 1377 sic,
1408 1303 1865 1388 quodcumque
1895 1302 2252 1366 minabitur
2282 1324 2474 1365 eurus

605 1414 911 1478 fluctibus
942 1413 1306 1498 Hesperiis,
1337 1414 1715 1479 Venusinae

606 1528 975 1612 plectantur
1003 1530 1204 1593 silvae
1234 1536 1303 1593 te
1333 1529 1602 1613 sospite,
1633 1531 1968 1614 multaque
1997 1551 2245 1593 merces

605 1641 778 1705 unde
809 1648 1032 1726 potest
1061 1641 1182 1704 tibi
1213 1641 1459 1706 defluat
1488 1663 1697 1727 aequo

604 1754 687 1817 ab
716 1753 878 1817 Iove
908 1752 1351 1838 Neptunoque
1382 1755 1545 1817 sacri
1577 1754 1848 1818 custode
1878 1754 2162 1818 Tarenti.

602 1866 903 1951 neglegis
935 1866 1277 1929 immeritis
1299 1867 1661 1930 nocituram

601 1979 947 2063 postmodo
980 1987 1046 2042 te
1078 1980 1251 2042 natis
1282 1979 1575 2042 fraudem
1609 1981 2070 2043 committere?
2122 1979 2253 2043 fors
2285 1987 2353 2042 et

602 2091 829 2155 debita
855 2092 996 2154 iura
1024 2091 1331 2176 vicesque
1361 2093 1681 2176 superbae
1732 2128 1746 2143 ·

602 2213 670 2267 te
700 2211 1007 2268 maneant
1035 2204 1250 2288 ipsum
1277 2231 1289 2266 ε
1346 2206 1648 2288 precibus
1677 2228 1809 2269 non
1841 2206 2096 2290 linquar
2123 2205 2371 2280 inultis,

604 2326 800 2403 teque
829 2318 1083 2401 piacula
1109 2318 1287 2381 nulla
1314 2320 1667 2383 resolvent.

605 2451 994 2515 quamquam
1024 2430 1316 2508 festinas,
1347 2452 1479 2494 non
1512 2439 1616 2495 est
1643 2454 1825 2495 mora
1852 2434 2087 2517 longa;
2133 2431 2358 2495 licebit

599 2541 840 2606 iniecto
869 2549 972 2606 ter
999 2543 1267 2627 pulvere
1298 2565 1539 2607 curras.

2645 1333 2709 1374 25

2640 2463 2823 2542 35·
