3109 4817
464 159 591 224 356
1346 147 1800 215 HORATII

460 335 691 401 fronde
720 351 936 396 comas
966 325 1172 391 vincti
1200 333 1440 390 cenant
1468 332 1538 390 et
1567 323 1853 388 carmina
1881 321 2155 386 dictant.
2587 345 2606 377 ι
2627 345 2646 377 ι
2659 343 2694 376 ο

462 451 605 534 ipse
636 466 783 531 eg0,
817 441 929 530 qui
954 441 1169 504 nullos
1198 459 1303 502 me
1334 438 1606 502 adfirmo
1637 437 1919 502 scribere
1948 455 2202 510 versus,

466 559 766 625 invenior
794 553 1055 619 Parthis
1084 551 1461 616 mendacior
1490 557 1562 615 et
1589 551 1770 635 prius
1801 555 1946 612 orto

472 675 606 738 sole
634 670 800 756 vig-il
828 668 1145 732 calamum
1176 671 1246 729 et
1266 664 1532 728 chartas
1563 670 1632 727 et
1663 662 1898 727 scrinia
1925 681 2147 746 posce.

364 804 421 838 ἱ
472 799 709 849 navem
736 801 933 866 agere
960 780 1232 864 ignarus
1260 777 1447 842 navis
1478 776 1708 853 timet3
1752 774 2189 838 habrotonum
2217 791 2416 854 aegro

474 919 608 962 non
637 895 834 959 audet
858 893 990 956 nisi
1019 890 1131 976 qui
1160 889 1392 955 didicit
1418 890 1616 966 dare;
1664 887 1840 974 quod
1867 886 2268 952 medicorum
2299 890 2402 947 est
2598 911 2618 944 ι
2637 911 2656 943 ι
2673 911 2702 957 5

480 1008 874 1096 promittunt
899 1003 1139 1068 medici
1162 1027 1183 1080 3
1228 1009 1515 1066 tractant
1541 1002 1797 1066 fabrilia
1825 999 2032 1065 fabri:

481 1121 823 1188 scribimus
851 1115 1100 1200 indocti
1128 1114 1437 1199 doctique
1466 1122 1769 1200 poemata
1795 1113 2060 1200 passim.

483 1235 589 1300 hic
618 1254 796 1297 error
824 1238 1047 1294 tamen
1078 1235 1146 1292 et
1172 1226 1339 1292 levis
1368 1228 1529 1291 haec
1556 1227 1812 1291 insania
1842 1211 2116 1312 quantas

488 1349 765 1412 virtutes
794 1343 1035 1408 habeat
1062 1341 1156 1406 sic
1186 1339 1443 1426 collige.
1546 1341 1720 1404 vatis
1747 1362 1982 1404 avarus

487 1482 619 1524 non
650 1467 895 1523 temere
926 1461 1030 1520 est
1062 1453 1351 1517 animus:
1398 1473 1630 1516 versus
1659 1461 1855 1532 amat,
1887 1453 2013 1516 hoc
2043 1451 2268 1516 studet
2295 1470 2538 1523 unum;
2603 1475 2706 1510 120

491 1571 905 1648 detrimenta,
936 1569 1125 1652 fugas
1155 1586 1515 1643 servorum,
1544 1565 1848 1630 incendia
1873 1565 2086 1643 ridet3

492 1707 625 1749 non
654 1681 946 1747 fraudem
977 1681 1155 1768 socio
1181 1699 1469 1763 puerove
1498 1679 1821 1764 incogitat
1847 1679 2048 1742 ullam

498 1796 784 1882 pupillos,
829 1793 998 1858 vivit
1027 1769 1278 1877 siliquis
1308 1798 1378 1855 et
1404 1813 1575 1876 pane
1605 1791 1930 1868 secundo;

500 1908 767 1972 militiae
799 1927 1191 1992 quamquam
1218 1904 1410 1989 piger
1438 1911 1506 1968 et
1533 1905 1764 1983 malus,
1797 1903 1976 1968 ufflis
2005 1903 2174 1967 urbi.

497 2022 553 2084 si
581 2020 697 2084 das
726 2019 872 2097 hoc,
902 2017 1123 2104 parvis
1152 2038 1411 2104 quoque
1438 2017 1636 2081 rebus
1663 2038 1904 2102 magna
1929 2017 2161 2080 iuvari.
2613 2043 2634 2076 x
2647 2045 2676 2076 2
2688 2044 2712 2090 5

502 2155 573 2198 os
603 2139 902 2197 tenerum
931 2130 1117 2216 pueri
1144 2129 1541 2214 balbumque
1571 2137 1766 2215 poeta
1793 2129 2054 2214 figurat,

502 2251 768 2331 torquet
794 2246 878 2308 ab
910 2244 1209 2308 obscenis
1238 2243 1369 2305 iam
1396 2263 1573 2306 nunc
1605 2243 2013 2307 sermonibus
2043 2264 2287 2320 aurem,

506 2380 659 2422 mox
689 2358 887 2421 etiam
915 2363 1145 2442 pectus
1173 2354 1539 2439 praeceptis
1567 2355 1806 2419 format
1832 2355 2078 2434 amicis,

509 2469 879 2554 asperitatis
908 2475 978 2532 et
1002 2467 1289 2532 invidiae
1318 2473 1646 2532 corrector
1673 2476 1742 2532 et
1769 2469 1926 2547 irae,

510 2589 687 2646 recte
716 2582 887 2644 facta
914 2579 1137 2658 refert,
1170 2581 1445 2644 orientia
1472 2586 1772 2664 tempora
1797 2581 1974 2645 notis
2619 2609 2638 2642 1
2655 2608 2720 2655 30

510 2693 777 2756 instruit
807 2693 1143 2776 exemplis,
1174 2692 1438 2777 inopem
1470 2693 1718 2756 solatur
1747 2701 1815 2758 et
1844 2715 2138 2778 aegrum.

514 2804 711 2868 castis
740 2825 888 2868 cum
916 2805 1135 2888 pueris
1164 2805 1395 2890 ignara
1425 2789 1642 2890 puella
1669 2788 1887 2870 m'ariti
2184 2813 2226 2826 “

517 2916 798 2982 disceret
824 2916 998 2980 unde
1028 2939 1275 3002 preces,
1306 2925 1527 2983 vatem
1555 2919 1626 2982 ni
1655 2941 1842 2983 musa
1869 2918 2209 3014 dedisset?

518 3031 730 3116 poscit
758 3051 949 3114 opem
977 3019 1211 3095 chorus
1241 3038 1311 3095 et
1337 3033 1707 3117 praesentia
1733 3031 2003 3095 numina
2031 3032 2255 3110 sentit,

519 3143 831 3208 caelestes
856 3144 1141 3229 inplorat
1168 3138 1369 3230 aquas'
1396 3144 1592 3210 docta
1620 3166 1814 3229 prece
1847 3143 2149 3223 blandus,
2629 3173 2648 3206 ι
2663 3173 2724 3222 35

520 3257 762 3320 avertit
788 3257 1072 3336 morbos,
1103 3250 1456 3322 metuenda
1483 3256 1771 3342 pericula
1797 3257 2005 3344 pellit,

524 3371 833 3454 impetrat
860 3376 932 3434 et
957 3391 1183 3454 pacem
1213 3377 1282 3434 et
1308 3370 1702 3454 locupletem
1731 3370 2032 3457 frugibus
2061 3390 2337 3433 annum:

524 3483 809 3547 carmine
838 3482 908 3545 di
937 3483 1156 3569 superi
1184 3484 1544 3567 placantur,
1576 3483 1862 3548 carmine
1891 3505 2138 3548 manes.

527 3595 850 3680 agricolae
879 3595 1097 3681 prisci,
1130 3596 1331 3660 fortes
1360 3617 1695 3680 parvoque
1727 3597 1926 3675 beati,

528 3707 790 3771 condita
818 3715 970 3793 post
997 3709 1323 3772 frumenta
1348 3709 1646 3772 levantes
1677 3715 1972 3794 tempore
2000 3710 2168 3774 festo
2638 3735 2736 3784 140

528 3841 765 3905 corpus
796 3826 865 3884 et
890 3821 1105 3904 ipsum
1136 3821 1421 3884 animum
1458 3842 1576 3905 spe
1601 3820 1750 3886 finis
1778 3823 1942 3886 dura
1971 3823 2287 3887 ferentem

532 3955 679 3996 cum
710 3933 899 3996 sociis
931 3955 1199 4018 operum
1228 3933 1446 4018 pueris
1476 3941 1545 3997 et
1573 3936 1852 4020 coniuge
1879 3936 2030 4014 fida,
