3109 4817
543 187 668 253 376
1415 186 1858 251 HORATII

543 371 613 428 et
639 363 815 448 frugi
845 369 1192 448 castusque
1220 360 1760 445 verecundusque
1792 360 2029 424 coibat.

544 482 892 562 postquam
922 473 1139 559 coepit
1165 494 1361 558 agros
1393 472 1749 537 extendere
1777 471 1989 536 victor
2020 477 2088 534 et
2116 470 2310 535 urbes

543 589 736 654 latior
763 587 1068 671 amplecti
1099 608 1322 649 murus
1351 587 1639 671 vinoque
1669 585 1904 648 diurno

543 700 786 788 placari
817 700 1060 765 Genius
1091 700 1276 764 festis
1303 699 1549 784 inpune
1579 698 1810 762 diebus
1812 747 1833 777 ,

547 812 822 879 accessit
847 813 1267 897 numerisque
1297 812 1639 895 modisque
1668 811 1933 875 licentia
1960 810 2183 877 maior.

547 926 850 990 indoctus
880 925 1038 1011 quid
1068 925 1242 990 enim
1273 932 1534 1009 saperet
1561 924 1859 1010 liberque
1884 923 2203 1001 laborum,

547 1038 827 1103 rusticus
856 1040 1106 1102 urbano
1137 1039 1464 1116 confusuS,
1497 1037 1709 1123 turpis
1738 1037 2017 1101 honesto
2044 1038 2071 1101 ἲ

548 1151 641 1215 sic
674 1152 924 1236 priscae
952 1157 1334 1236 motumque
1365 1158 1434 1215 et
1461 1150 1781 1214 luxuriem
1811 1149 2067 1213 addidit
2094 1150 2218 1214 arti

550 1263 796 1328 tibicen
825 1262 1156 1349 traxitque
1185 1285 1396 1349 vagus
1425 1283 1545 1347 per
1574 1262 1828 1347 pulpita
1856 1270 2109 1327 vestem
2132 1288 2149 1339 ;

549 1375 641 1441 sic
673 1377 868 1440 etiam
897 1376 1138 1441 fidibus
1167 1397 1362 1441 voces
1393 1397 1657 1440 crevere
1688 1376 1955 1453 severis,

549 1496 618 1553 et
647 1488 800 1553 tulit
829 1488 1156 1575 eloquium
1185 1488 1519 1553 insolitum
1549 1488 1854 1551 facundia
1882 1510 2213 1573 praecepa,

547 1601 937 1688 utiliumque
967 1622 1170 1686 sagax
1199 1622 1418 1665 rerum
1449 1608 1518 1665 et
1545 1601 1771 1664 divina
1798 1601 1999 1665 futuri

547 1714 875 1801 sortilegis
903 1736 1036 1778 non
1066 1714 1426 1799 discrepuit
1453 1714 1781 1779 sententia
1811 1713 2104 1798 Delphis,

549 1827 832 1893 carmine
863 1826 974 1913 qui
1005 1827 1254 1911 tragico
1281 1827 1481 1891 vilem
1511 1826 1791 1891 certavit
1818 1828 1904 1890 ob
1933 1827 2207 1905 hircum,

545 1963 698 2005 mox
729 1941 926 2005 etiam
954 1947 1249 2026 agrestes
1277 1946 1530 2024 satyros
1558 1939 1837 2004 nudavit
1864 1946 1934 2005 et
1961 1960 2151 2023 asper

544 2054 854 2118 incolumi
882 2054 1208 2139 gravitate
1236 2054 1451 2117 iocum
1481 2052 1834 2137 temptavit
1863 2074 1941 2116 eo
1972 2052 2147 2138 quod

541 2166 887 2231 inlecebris
919 2173 1059 2231 erat
1089 2172 1158 2231 et
1186 2173 1375 2252 grata
1401 2165 1697 2229 novitate
1725 2165 2077 2229 morandus

545 2287 874 2365 spectator
901 2282 1292 2365 functusque
1323 2280 1520 2343 sacris
1549 2285 1620 2342 et
1648 2285 1844 2363 potus
1875 2284 1945 2341 et
1979 2278 2189 2341 exlex,

542 2416 773 2459 verum
799 2394 896 2457 ita
923 2393 1182 2471 risores,
1213 2394 1308 2455 ita
1336 2391 1791 2456 commendare
1820 2390 2059 2455 dicacis

542 2506 891 2572 conveniet
921 2513 1200 2591 satyros,
1231 2504 1327 2569 ita
1354 2512 1613 2569 vertere
1644 2504 1813 2569 seria
1840 2504 2017 2581 ludo,

541 2642 626 2683 ne
657 2620 1048 2705 quicumque
1077 2618 1264 2697 deus,
1299 2618 1689 2703 quicumque
1718 2616 2138 2681 adhibebitur
2166 2618 2380 2694 heroe,

541 2732 748 2817 regali
778 2737 1168 2815 conspectus
1194 2730 1265 2794 in
1295 2752 1452 2794 auro
1481 2752 1693 2815 nuper
1722 2736 1792 2794 et
1821 2738 2021 2809 ostr0,

539 2844 785 2929 migret
810 2844 881 2906 in
912 2844 1218 2907 obscuras
1247 2843 1477 2906 humili
1509 2864 1809 2907 sermone
1840 2843 2167 2921 tabernas,

539 2963 676 3035 aut,
707 2955 864 3019 dum
892 2955 1064 3019 vitat
1091 2956 1384 3034 humum,
1414 2957 1627 3020 nubes
1657 2962 1726 3019 et
1752 2954 1973 3019 inania
2000 2962 2245 3040 captet.

541 3069 800 3133 effutire
829 3068 995 3133 levis
1023 3067 1299 3154 indigna
1327 3068 1669 3153 tragoedia
1696 3090 1948 3147 versus,

540 3189 618 3246 ut
646 3182 832 3248 festis
859 3189 1158 3246 matrona
1186 3181 1436 3246 moveri
1465 3181 1643 3246 iussa
1671 3180 1926 3259 diebus,

539 3296 846 3360 intererit
873 3294 1109 3380 satyris
1139 3295 1404 3379 paulum
1434 3293 1819 3379 pudibunda
1846 3294 2193 3379 protervis,

541 3430 674 3473 non
705 3430 832 3495 ego
861 3408 1162 3471 inornata
1191 3414 1260 3472 et
1287 3406 1694 3471 dominantia
1721 3406 1987 3470 nomina
2016 3408 2223 3471 solum

539 3522 896 3608 verbaque,
929 3520 1228 3597 PisoneS,
1259 3526 1625 3603 satyrorum
1655 3520 1934 3604 scriptor
1962 3520 2216 3598 amabe,

536 3656 658 3699 nec
689 3634 782 3699 sic
812 3634 1024 3699 enitar
1053 3633 1305 3717 magico
1335 3632 1599 3697 differre
1628 3632 1849 3710 colori,

537 3754 614 3811 ut
639 3747 804 3810 nihil
832 3745 1098 3810 intersit
1127 3745 1436 3810 Davusne
1471 3746 1776 3829 loquatur
1804 3751 1874 3808 et
1899 3744 2113 3808 audax

537 3859 808 3944 Pythias
839 3864 1144 3923 emuncto
1173 3856 1422 3921 lucrata
1455 3856 1720 3922 Simone
1750 3858 2093 3936 talentum,

535 3995 619 4035 an
651 3978 870 4035 custos
900 3972 1309 4055 famulusque
1340 3969 1447 4034 dei
1481 3970 1739 4035 Silenus
1768 3970 2034 4033 alumni.

2654 726 2761 760 210

2648 1292 2753 1339 αις

2648 1856 2748 1889 220

2653 2421 2752 2469 ²²5

2656 2988 2755 3037 ²30

2654 3552 2751 3599 ²35
