3109 4817
961 210 1715 275 EPISTULARUM
1780 214 1815 275 Ι
1881 215 1959 277 16

360 393 436 450 tu
463 392 642 450 recte
670 386 866 463 vivis,
898 387 953 450 si
983 408 1170 451 ouras
1201 409 1346 451 esse
1379 386 1554 472 quod
1586 387 1795 451 audis,

357 501 672 565 iactamus
701 498 834 562 iam
862 499 1120 584 pridem
1150 501 1360 563 omnis
1393 508 1460 563 te
1492 500 1704 564 Roma
1733 502 1995 565 beatum
2022 528 2035 564 ι

357 612 474 677 sed
502 633 734 677 vereor
760 633 846 675 ne
878 612 983 675 oui
1013 612 1095 676 de
1127 620 1194 676 te
1225 614 1372 697 plus
1404 635 1600 698 quam
1630 613 1755 677 tibi
1785 615 2033 692 credas,

353 747 523 789 neve
552 732 746 810 putes
776 724 972 787 alium
1002 725 1297 809 sapiente
1328 727 1633 811 bonoque
1666 727 1955 804 beatum,

355 860 506 916 neu,
538 838 595 903 si
625 846 692 902 te
722 839 1002 923 populus
1033 860 1266 902 sanum
1295 845 1605 923 reeteque
1637 840 1967 902 valentem

353 950 635 1029 dictitet,
667 952 984 1014 occultam
1015 951 1264 1015 febrem
1295 952 1416 1015 sub
1447 958 1708 1036 tempus
1740 951 1976 1015 edendi

355 1064 745 1142 dissimules,
776 1063 986 1127 donec
1015 1064 1318 1128 manibus
1349 1072 1598 1128 tremor
1625 1064 1874 1127 ineidat
1902 1065 2139 1128 unctis.

357 1178 705 1241 stultorum
734 1177 1029 1240 incurata
1056 1176 1271 1260 pudor
1298 1178 1507 1241 malus
1538 1178 1755 1241 ulcera
1786 1179 1974 1241 celat.

354 1287 556 1374 siquis
587 1290 758 1353 bella
789 1290 910 1353 tibi
940 1296 1114 1353 terra
1143 1297 1436 1374 pugnata
1465 1290 1757 1375 marique

355 1403 530 1467 dieat
559 1410 628 1466 et
657 1403 758 1466 his
789 1401 1011 1466 verbis
1041 1424 1280 1466 vacuas
1313 1403 1713 1487 permulceat
1740 1425 1929 1467 aures
1934 1453 1953 1482 ,

357 1521 374 1548 ‘
408 1522 558 1579 tene
588 1517 799 1601 magis
830 1516 1082 1579 salvum
1113 1516 1391 1599 populus
1421 1516 1585 1579 velit
1613 1538 1697 1579 an
1727 1516 2039 1601 populum
2072 1522 2166 1593 tu,

355 1636 574 1693 servet
600 1628 668 1691 in
700 1628 1009 1713 ambiguo
1042 1629 1153 1713 qui
1184 1629 1466 1691 consulit
1495 1636 1565 1692 et
1596 1629 1718 1692 tibi
1750 1636 1819 1693 et
1849 1629 1994 1692 urbi

351 1742 702 1826 Iuppiter’‚
735 1741 1025 1826 Augusti
1052 1741 1276 1805 laudes
1307 1762 1661 1826 agnoscere
1692 1742 1901 1826 possis
1928 1768 1942 1805 z

353 1876 498 1917 oum
528 1854 771 1939 pateris
807 1856 1065 1939 sapiens
1097 1854 1613 1939 emendatusque
1644 1856 1883 1933 vocari,

352 1968 792 2051 respondesne
825 1976 960 2045 tue,
991 1967 1097 2030 dic
1127 1967 1340 2043 sodeS,
1373 1967 1638 2029 nomine
1666 1968 1693 2030 ¹?
1744 1972 1761 2000 ‘
1781 1989 2019 2050 nempe

351 2080 454 2143 vir
483 2082 694 2145 bonus
725 2088 793 2144 et
821 2080 1107 2165 prudens
1138 2079 1269 2143 dici
1296 2080 1588 2143 delector
1620 2100 1745 2164 ego
1774 2101 1849 2143 ac
1882 2081 1998 2143 tu’.

354 2194 464 2277 qui
494 2193 679 2257 dedit
706 2194 830 2257 hoc
853 2194 1070 2269 hodie,
1105 2214 1268 2269 ema,
1303 2192 1358 2255 si
1390 2193 1591 2270 volet,
1623 2192 1895 2269 auferet,
1930 2198 2003 2254 ut
2033 2192 2087 2253 si

349 2306 658 2371 detulerit
686 2307 892 2370 fasces
920 2304 1216 2390 indignO,
1248 2305 1553 2369 detrahet
1582 2305 1777 2368 idem.

352 2423 372 2452 ‘
393 2441 562 2503 pone
590 2441 810 2483 meum
841 2420 976 2483 est'
1005 2418 1258 2503 inquit:
1306 2440 1480 2502 pono
1510 2417 1845 2503 tristisque
1874 2417 2129 2480 recedo.

349 2530 524 2595 idem
555 2532 610 2595 si
640 2533 878 2595 elamet
905 2532 1136 2609 furem,
1166 2538 1371 2616 neget
1402 2553 1544 2595 esse
1580 2530 1912 2615 pudicum,

351 2645 705 2708 contendat
731 2645 964 2730 laqueo
995 2646 1231 2708 collum
1264 2644 1579 2729 pressisse
1611 2652 1977 2729 paternum,

349 2758 648 2821 mordear
675 2758 1008 2842 obprobiis
1038 2758 1215 2821 falsis
1244 2765 1625 2843 mutemque
1657 2758 1953 2821 colores?

349 2871 546 2933 falsus
576 2870 784 2934 honor
811 2872 996 2934 iuvat
1027 2876 1094 2933 et
1123 2871 1400 2933 mendax
1431 2871 1699 2934 infamia
1730 2877 1935 2933 terret

352 3005 542 3067 quem
571 2983 699 3047 nisi
728 2982 1109 3046 mendosum
1142 2989 1211 3045 et
1237 2983 1692 3047 medicandum
1721 2984 1747 3046 ?
1794 2982 1897 3045 vir
1926 2983 2137 3046 bonus
2168 2987 2269 3043 est

650 3096 793 3181 quis
816 3098 842 3158 ’.Ρ

353 3211 372 3240 ‘
406 3207 517 3293 qui
544 3210 840 3274 consulta
867 3216 1152 3294 patrum,
1187 3208 1298 3293 qui
1328 3208 1509 3291 leges
1538 3208 1810 3291 iuraque
1840 3212 2079 3281 servat,

353 3342 480 3405 quo
509 3322 750 3384 multae
781 3342 1188 3406 magnaeque
1221 3326 1522 3383 secantur
1555 3318 1770 3382 iudice
1800 3317 1972 3394 liteS,

353 3456 478 3519 quo
507 3456 612 3499 res
643 3456 953 3518 sponsore
985 3441 1054 3497 et
1085 3454 1212 3518 quo
1243 3452 1474 3495 causae
1507 3437 1678 3495 teste
1710 3431 2073 3494 tenentur'.

350 3545 463 3610 sed
498 3547 683 3612 videt
711 3548 882 3610 hunc
913 3546 1123 3610 omnis
1152 3546 1384 3608 domus
1415 3552 1483 3607 et
1510 3543 1749 3607 vicinia
1778 3549 1919 3607 tota

347 3660 665 3724 introrsus
692 3668 972 3745 turpem,
1005 3658 1369 3744 speciosum
1397 3658 1567 3742 pelle
1598 3657 1854 3721 decora.

352 3775 372 3804 ‘
391 3793 510 3835 nec
538 3772 784 3835 furtum
813 3772 936 3836 feei
965 3793 1087 3834 neo
1116 3770 1256 3855 fugi
1275 3772 1294 3801 ’
1326 3770 1383 3833 si
1411 3770 1571 3832 mihi
1600 3769 1760 3832 dicit

351 3904 598 3963 servus,
632 3889 652 3917 ‘
670 3884 871 3948 habes
903 3883 1206 3969 pretium,
1237 3881 1392 3945 loris
1419 3903 1553 3944 non
1582 3881 1819 3945 ureris’
1850 3881 1973 3945 aio,

353 3999 372 4028 ‘
389 4016 521 4058 non
548 3995 879 4059 hominem
909 3994 1171 4059 oooidi'.
1274 4014 1405 4056 non
1436 4014 1661 4077 pasces
1689 3991 1759 4054 in
1795 4014 1983 4057 cruce
2013 4009 2262 4054 corvos,

2460 216 2587 279 339

2500 1882 2561 1929 30

2496 2446 2557 2492 35

2485 3012 2554 3057 40

2476 3682 2545 3729 45
