3109 4817
983 255 1600 323 SERMONUM
1664 259 1698 321 I
1758 261 1796 322 3
1935 355 1942 363 ·
2343 261 2478 324 239

266 455 459 500 sanos
490 434 769 498 dicatur.
877 438 1122 517 quanto
1150 432 1275 496 hoc
1304 433 1608 498 furiosius
1638 439 1836 520 atque

268 547 479 613 maius
506 552 851 632 peccatum
882 547 1019 609 est!
1071 546 1335 630 paulum
1364 545 1643 632 deliquit
1669 547 1937 626 amicus,

266 660 445 747 quod
473 659 602 724 nisi
631 657 975 737 concedas,
1006 657 1288 723 habeare
1316 659 1649 724 insuavis:
1695 661 1968 724 acerbus
2421 683 2448 730 ε
2459 692 2484 740 5

266 773 467 838 odisti
494 780 564 837 et
590 771 768 858 fugis
796 777 877 835 ut
903 771 1239 836 Rusonem
1266 771 1527 837 debitor
1554 772 1746 851 aeris,

268 885 382 972 qui
408 885 562 965 nisi,
592 907 743 950 cum
772 883 997 948 tristes
1026 885 1265 949 misero
1294 907 1536 950 venere
1566 885 1909 965 kalendae,

268 997 644 1062 mercedem
671 1004 789 1062 aut
815 1019 1119 1062 nummos
1148 997 1323 1062 unde
1352 998 1529 1062 unde
1558 999 1858 1079 extricat,
1889 1021 2140 1065 amaras

269 1117 573 1197 porrecto
600 1111 829 1196 iugulo
857 1110 1163 1175 historias
1176 1110 1493 1196 ‘captivus
1521 1119 1600 1176 ut
1626 1111 1833 1177 audit.

270 1227 660 1293 comminxit
685 1229 929 1292 lectum
958 1233 1154 1312 potus
1184 1249 1492 1293 mensave
1528 1228 1818 1294 catillum
2423 1261 2490 1308 90

272 1340 569 1406 Euandri
595 1339 902 1404 manibus
931 1339 1162 1404 tritum
1192 1340 1464 1405 deiecit:
1512 1342 1599 1405 ob
1628 1342 1797 1406 hanc
1825 1363 1987 1421 rem,

274 1460 392 1518 ant
420 1453 711 1539 positum
739 1459 895 1516 ante
923 1475 1071 1517 mea
1101 1453 1254 1539 quia
1280 1453 1531 1538 pullum
1559 1454 1628 1517 in
1659 1461 1846 1539 parte
1876 1455 2076 1518 catini

275 1565 547 1632 sustulit
574 1565 891 1644 esuriens,
922 1566 1139 1630 minus
1168 1567 1291 1630 hoc
1318 1565 1643 1630 iucundus
1671 1566 1917 1631 amicus

276 1681 365 1745 sit
390 1678 556 1742 mihi
582 1679 611 1743 ἲ
659 1677 816 1764 quid
846 1677 1100 1758 faciam,
1133 1679 1189 1742 si
1216 1679 1466 1744 furtum
1492 1678 1743 1758 fecerit,
1775 1685 1890 1744 aut
1917 1679 1975 1744 si

277 1791 644 1878 prodiderit
670 1791 1017 1856 commissa
1043 1791 1173 1855 fide
1204 1813 1602 1877 sponsumve
1629 1791 1940 1877 negarit?
2427 1825 2455 1871 9
2467 1822 2490 1870 5

279 1906 427 1992 quis
456 1905 639 1990 paria
666 1925 811 1968 esse
840 1905 977 1968 fere
1005 1903 1251 1989 placuit
1279 1912 1570 1989 peccata,
1600 1905 1921 1984 laborant,

278 2041 429 2084 cum
456 2023 733 2082 ventum
760 2016 845 2080 ad
872 2038 1103 2082 verum
1134 2023 1275 2081 est:
1322 2039 1553 2082 sensus
1581 2039 1927 2103 moresque
1955 2025 2348 2104 repugnant,

276 2138 482 2217 atque
511 2129 660 2215 ipsa
690 2129 961 2208 utilitas,
990 2129 1149 2194 iusti
1177 2151 1381 2214 prope
1410 2138 1624 2194 mater
1650 2136 1721 2195 et
1746 2130 1961 2216 aequi.

280 2266 431 2308 cum
459 2249 931 2328 prorepserunt
958 2241 1185 2327 primis
1215 2242 1519 2306 animalia
1546 2242 1763 2322 terriS,

279 2363 539 2422 mutum
568 2361 638 2419 et
664 2361 859 2440 turpe
889 2375 1113 2439 pecua,
1144 2354 1453 2440 glandem
1483 2363 1682 2442 atque
1711 2355 1952 2420 cubilia
1979 2363 2249 2442 propter
2398 2385 2494 2419 100

282 2468 617 2554 unguibus
646 2473 719 2531 et
744 2467 1009 2552 pugnis,
1038 2466 1193 2532 dein
1224 2467 1530 2548 fustibus,
1562 2476 1762 2555 atque
1789 2467 1885 2533 ita
1912 2490 2108 2555 porro

282 2581 675 2667 pugnabant
693 2579 891 2644 armis
920 2601 1087 2664 quae
1121 2587 1275 2664 post
1300 2580 1735 2646 fabricaverat
1763 2605 1959 2660 usus3

285 2695 493 2759 donec
524 2694 747 2771 verba,
782 2692 1021 2778 quibus
1049 2713 1249 2756 voces
1279 2714 1640 2779 sensusque
1667 2700 1996 2774 notarent,

285 2807 681 2892 nominaque
709 2806 1059 2869 invenere:
1105 2804 1343 2869 dehinc
1372 2806 1692 2871 absistere
1720 2807 1916 2885 bello,

287 2919 530 3006 oppida
557 2925 917 3004 coeperunt
943 2919 1220 2998 munire,
1252 2925 1322 2983 et
1350 2940 1595 3003 ponere
1624 2920 1831 3005 leges,
2408 2949 2500 2999 ιος

286 3053 371 3098 ne
402 3031 550 3119 quis
580 3032 684 3095 fur
714 3038 910 3111 esset,
940 3053 1073 3098 neu
1100 3032 1291 3111 latro,
1320 3053 1453 3096 neu
1483 3032 1628 3118 quis
1657 3032 1934 3097 adulter.

285 3169 440 3211 nam
468 3144 597 3209 fuit
622 3151 777 3209 ante
808 3144 1130 3210 Helenam
1160 3167 1412 3209 cunnus
1442 3144 1818 3209 taeterrima
1845 3145 2000 3209 belli

287 3280 521 3335 causa3
566 3258 685 3322 sed
712 3257 960 3343 ignotis
989 3257 1327 3341 perierunt
1353 3257 1674 3322 mortibus
1702 3257 1820 3335 illi,

290 3393 457 3459 quos
482 3370 815 3435 Venerem
844 3369 1161 3436 incertam
1192 3367 1518 3455 rapientis
1536 3392 1719 3434 more
1747 3370 2030 3434 ferarum

288 3485 543 3550 viribus
573 3482 811 3548 editior
838 3483 1155 3547 caedebat
1182 3490 1259 3546 ut
1286 3483 1355 3546 in
1385 3505 1594 3569 grege
1625 3489 1868 3550 taurus,
2409 3513 2428 3545 1
2444 3511 2504 3545 ιο

287 3603 431 3666 iura
457 3602 731 3666 inventa
758 3608 941 3665 metu
968 3600 1196 3665 iniusti
1224 3600 1468 3666 fateare
1496 3622 1764 3666 necesse
1795 3607 1918 3678 est,

291 3722 592 3800 tempora
620 3715 677 3778 si
706 3716 1039 3800 fastosque
1067 3712 1233 3779 velis
1265 3715 1566 3780 evolvere
1595 3713 1847 3778 mundi.

291 3850 415 3893 nec
442 3833 679 3890 natura
706 3833 929 3912 potest
953 3827 1128 3890 iusto
1158 3847 1495 3891 secernere
1522 3825 1843 3912 iniquum,

292 3939 534 4005 dividit
563 3945 642 4003 ut
670 3940 843 4004 bona
871 3939 1165 4017 diversis,
1200 3937 1512 4023 fugienda
1540 3937 1868 4024 petendis,

294 4074 417 4118 nec
443 4053 670 4118 vincet
694 4053 863 4117 ratio
891 4053 1037 4130 hoc,
1067 4051 1453 4116 tantundem
1483 4058 1562 4114 ut
1589 4056 1817 4135 peccet
1842 4049 2148 4135 idemque
2411 4079 2432 4112 ι
2448 4078 2465 4110 ι
2479 4077 2506 4124 5
