3109 4817
636 193 759 255 246
1507 185 1962 252 HORATII

640 2264 821 2462 E
837 2272 1259 2339 GRESSUM
1292 2294 1529 2358 magna
1558 2294 1663 2336 me
1693 2270 1945 2355 accepit
1971 2270 2194 2336 Aricia
2221 2273 2431 2336 Roma.

877 2389 1160 2474 hospitio
1189 2389 1479 2453 modico:
1532 2388 1759 2452 rhetor
1785 2408 2002 2452 comes
2032 2386 2448 2465 Heliodorus,

622 2501 1011 2564 Graecorum
1040 2502 1236 2586 longe
1266 2501 1712 2565 doctissimus:
1758 2501 1914 2564 inde
1946 2501 2187 2564 Forum
2216 2499 2418 2585 Appi,

618 2612 949 2676 differtum
977 2614 1193 2678 nautis
1196 2663 1217 2692 ‚
1248 2615 1650 2699 cauponibus
1680 2620 1878 2699 atque
1906 2612 2235 2699 malignis.

618 2725 741 2788 hoc
768 2726 897 2789 iter
922 2726 1148 2811 ignavi
1176 2726 1537 2806 divisimus,
1570 2727 1764 2791 altius
1792 2748 1868 2789 ac
1896 2747 2017 2790 nos

616 2839 1002 2922 praecinctis
1032 2860 1271 2903 unum:
1316 2839 1532 2903 minus
1563 2847 1667 2903 est
1695 2839 1916 2924 gravis
1946 2838 2165 2924 Appia
2193 2837 2417 2902 tardis.

616 2950 723 3014 hic
754 2973 878 3036 ego
909 2958 1176 3036 propter
1202 2973 1459 3036 aquam,
1492 2952 1668 3036 quod
1699 2960 1840 3016 erat
1867 2951 2237 3030 deterrima,
2272 2951 2491 3016 ventri

616 3064 831 3129 indico
860 3065 1125 3143 bellum,
1158 3071 1465 3128 cenantes
1495 3064 1671 3128 haud
1699 3065 1916 3128 animo
1945 3085 2154 3149 aequo

618 3184 968 3261 expectans
998 3178 1287 3242 comites,
1388 3178 1520 3240 iam
1547 3199 1680 3240 nox
1708 3176 2016 3240 inducere
2047 3177 2238 3240 terris

616 3290 878 3354 umbras
908 3296 978 3353 et
1004 3290 1180 3354 caelo
1209 3289 1575 3354 diffundere
1606 3290 1796 3375 signa
1824 3290 2116 3374 parabat.

616 3408 757 3465 tum
787 3403 972 3487 pueri
999 3403 1237 3482 nautiS‚
1269 3403 1487 3488 pueris
1516 3403 1802 3467 convitia
1828 3408 2066 3466 nautae

615 3515 936 3600 ingerere.
1040 3521 1059 3550 ‘
1083 3516 1209 3579 huc
1240 3516 1515 3600 appelle.
1622 3522 1949 3579 trecentos
1976 3514 2232 3579 inseris.
2335 3515 2460 3578 ohe

615 3628 745 3691 iam
775 3629 932 3693 satis
964 3630 1119 3694 est’.
1222 3627 1379 3692 dum
1409 3650 1519 3692 aes
1551 3627 1859 3713 exigitur,
1891 3628 2050 3691 dum
2077 3627 2264 3714 mula·
2281 3626 2545 3712 ligatur,

620 3747 761 3804 tota.
786 3740 927 3805 abit
953 3741 1132 3805 hora.
1233 3741 1387 3804 mali
1416 3742 1655 3805 culices
1684 3763 2010 3827 ranaeque
2038 3740 2357 3826 palustres

616 3860 924 3917 avertunt
952 3876 1231 3918 somnos,
1334 3854 1674 3918 absentem
1705 3861 1781 3917 ut
1807 3861 2028 3918 cantat
2055 3853 2325 3916 amicam

620 3967 822 4031 multa
851 3967 1143 4051 prolutus
1174 3990 1387 4052 vappa
1414 3974 1616 4031 nauta
1642 3974 1838 4051 atque
1870 3968 2080 4032 viator
