3109 4817
530 229 656 291 302
1407 224 1852 289 HORATII

1541 1878 1718 1940 VIII

767 2091 820 2154 Τ
864 2089 1205 2153 Nasidieni
1235 2088 1404 2152 iuvit
1434 2096 1500 2152 te
1532 2110 1693 2152 cena
1723 2088 1900 2152 beati
1926 2090 1952 2150 ⁸?

552 2084 736 2282 U
809 2226 961 2266 nam
990 2201 1151 2265 mihi
1182 2201 1524 2264 convivam
1559 2200 1896 2285 quaerenti
1925 2200 2140 2263 dictus
2171 2201 2326 2262 here
2357 2199 2485 2262 illic

522 2317 606 2380 de
636 2317 852 2380 medio
882 2323 1108 2400 potare
1138 2315 1266 2378 die.
1377 2318 1395 2347 ‘
1418 2314 1508 2377 sic
1539 2323 1615 2378 ut
1643 2313 1803 2376 mihi
1831 2335 2183 2398 numquam

520 2430 590 2491 in
620 2429 758 2492 vita
786 2429 983 2492 fuerit
1011 2427 1300 2492 melius’.
1412 2426 1539 2504 dic,
1574 2427 1630 2490 si
1660 2448 1862 2511 grave
1892 2448 2025 2488 non
2056 2433 2179 2504 est,

524 2562 689 2625 quae
720 2541 930 2625 prima
957 2541 1193 2602 iratum
1225 2546 1525 2602 ventrem
1555 2539 1912 2623 placaverit
1941 2560 2107 2602 esca.

525 2657 543 2685 ‘
563 2653 633 2714 in
663 2652 889 2737 primis
920 2653 1220 2716 Lucanus
1250 2675 1441 2736 aper:
1495 2652 1630 2715 leni
1658 2652 1783 2715 fuit
1811 2658 2032 2715 austro

522 2772 773 2848 captus,
806 2771 882 2828 ut
909 2765 1127 2829 aiebat
1155 2786 1353 2828 cenae
1383 2771 1606 2848 pater:
1653 2766 1826 2828 acria
1855 2763 2095 2828 circum

520 2877 765 2960 rapula,
799 2878 1108 2971 lactucae,
1145 2878 1417 2955 radiceS‚
1452 2878 1665 2962 qualia
1691 2878 1934 2940 lassum

519 2991 891 3073 pervellunt
925 2992 1355 3069 stomachum,
1390 2990 1575 3068 siser,
1607 2991 1791 3068 allec,
1823 2990 2071 3053 faecula
2106 2990 2256 3054 Coa.

519 3103 621 3168 his
651 3105 765 3169 ubi
795 3105 1065 3168 sublatis
1095 3127 1258 3189 puer
1286 3105 1415 3167 alte
1446 3104 1699 3166 cinctus
1728 3125 2027 3166 acernam

520 3239 807 3303 gausape
839 3240 1163 3302 purpureo
1193 3240 1484 3281 mensam
1515 3216 1845 3301 pertersit,
1880 3223 1947 3279 et
1976 3217 2139 3278 alter

521 3330 810 3414 sublegit
841 3330 1292 3415 quodcumque
1323 3330 1566 3393 iaceret
1593 3329 1825 3392 inutile
1859 3329 2160 3413 quodque

518 3450 742 3528 posset
771 3443 1062 3507 cenantis
1094 3443 1443 3521 offendere,
1476 3450 1552 3505 ut
1585 3441 1805 3505 Attica
1833 3443 2023 3526 virgo

518 3579 666 3620 cum
697 3556 893 3620 sacris
930 3555 1203 3633 Cereris,
1235 3555 1532 3639 procedit
1566 3555 1785 3617 fuscus
1817 3554 2167 3638 Hydaspes

523 3671 818 3735 Caecuba
846 3669 1000 3733 vina
1028 3669 1265 3746 ferenS,
1298 3669 1508 3730 Alcon
1545 3667 1777 3731 Chium
1809 3667 2004 3728 maris
2036 3687 2289 3750 expers,

517 3784 621 3847 hic
653 3805 800 3846 erus
834 3786 877 3816 “
893 3781 1245 3859 Albanum,
1278 3781 1648 3858 Maecenas,
1682 3780 1820 3843 sive
1855 3780 2200 3842 Falernum

517 3903 585 3959 te
615 3895 826 3978 magis
856 3893 1172 3977 adpositis
1202 3894 1506 3971 delectat,
1539 3894 1855 3956 habemus
1886 3884 2289 3975 utrumquc''
2318 3892 2358 3954 '.

518 4008 781 4072 divitias
811 4007 1077 4069 miseras
1103 4008 1115 4069 !
1170 4007 1285 4070 sed
1320 4008 1463 4090 quis
1495 4006 1879 4069 cenantibus
1910 4027 2060 4081 una,

2664 3132 2727 3165 ¹0

2663 3695 2720 3741 ¹5
