3109 4817
862 206 1621 273 EPISTULARUM
1681 206 1766 270 II
1827 208 1866 269 2
2336 205 2459 271 367

249 384 409 472 quid
436 381 569 449 vici
596 387 877 467 prosunt
903 386 1020 445 aut
1047 381 1280 445 horrea
1306 381 1332 445 ’.Ρ
1383 379 1627 465 quidve
1662 378 1953 443 Calabris

249 497 527 563 saltibus
555 494 796 559 adiecti
826 494 1098 572 Lucani,
1129 492 1185 557 si
1215 492 1411 557 metit
1441 493 1653 557 Orcus

248 610 527 697 grandia
555 631 706 673 cum
737 607 980 692 parvis,
1007 628 1142 669 non
1173 606 1522 671 exorabilis
1552 626 1710 669 auro
1738 606 1765 669 Ρ

251 744 570 809 gemmas,
601 742 906 799 marmor,
939 722 1125 799 ebur,
1157 719 1496 805 Tyrrhena
1524 718 1762 804 sigilla,
1795 718 2090 796 tabellas,
2378 732 2473 780 180

253 842 601 921 argentum
605 883 626 913 ,
656 840 878 899 vestes
911 833 1187 897 Gaetulo
1216 831 1466 897 murice
1495 832 1760 910 tinctaS,

256 954 414 1012 sunt
443 947 556 1033 qui
583 968 718 1011 non
746 946 1055 1024 habeant,
1089 952 1193 1009 est
1223 946 1337 1031 qui
1363 967 1498 1010 non
1529 952 1717 1009 curat
1742 944 2007 1009 habere.

259 1082 375 1125 cur
402 1060 570 1125 alter
597 1060 872 1124 fratrum
901 1080 1156 1123 cessare
1187 1066 1257 1123 et
1283 1059 1510 1123 ludere
1541 1064 1611 1122 et
1638 1058 1848 1143 ungui

263 1174 591 1259 praeferat
619 1171 908 1237 Herodis
937 1172 1240 1257 palmetis
1270 1172 1653 1258 pinguibus,
1682 1172 1851 1235 alter

259 1285 448 1350 dives
478 1292 548 1349 et
572 1285 966 1370 inportunus
993 1285 1079 1348 ad
1107 1285 1407 1350 umbram
1436 1285 1599 1349 lucis
1628 1285 1713 1349 ab
1744 1291 1893 1348 ortu
2384 1314 2403 1346 1
2417 1298 2445 1345 8
2454 1312 2479 1360 ς

264 1399 633 1464 silvestrem
663 1396 944 1461 flammis
973 1403 1044 1461 et
1070 1398 1242 1461 ferro
1272 1398 1538 1483 mitiget
1566 1420 1822 1483 agrum,

263 1510 392 1575 scit
420 1509 689 1589 Genius,
718 1510 937 1574 natale
967 1531 1187 1575 comes
1217 1510 1332 1596 qui
1362 1516 1689 1595 temperat
1715 1517 1990 1587 astrum,

265 1630 536 1687 naturae
564 1622 728 1688 deus
757 1623 1110 1702 humanae,
1140 1623 1436 1689 mortalis
1463 1624 1534 1687 in
1564 1646 1771 1687 unum

268 1735 574 1821 quodque
604 1742 824 1821 caput,
853 1736 1045 1801 vultu
1073 1736 1430 1815 mutabilis,
1461 1738 1651 1801 albus
1682 1742 1750 1801 et
1778 1743 1939 1801 ater.

269 1855 418 1912 utar
446 1854 516 1912 et
544 1869 626 1912 ex
653 1848 914 1913 modico
945 1854 1265 1935 quantum
1292 1870 1400 1913 res
1428 1856 1658 1934 poscet
1686 1870 1921 1914 acervo
2389 1877 2486 1926 190

269 1961 517 2040 tollam,
547 1983 669 2025 nec
698 1968 988 2026 metuam
1019 1960 1178 2047 quid
1209 1960 1290 2025 de
1320 1982 1427 2025 me
1455 1961 1703 2027 iudicet
1729 1963 1942 2041 heres,

277 2074 456 2160 quod
483 2096 619 2138 non
648 2075 836 2160 plura
864 2074 1037 2139 datis
1065 2074 1426 2139 invenerit:
1474 2080 1544 2139 et
1572 2082 1793 2139 tamen
1821 2074 2000 2139 idem

271 2187 440 2252 scire
470 2188 711 2267 volam,
744 2194 1066 2274 quantum
1097 2188 1376 2272 simplex
1409 2188 1765 2273 hilarisque
1792 2187 2023 2273 nepoti

273 2300 612 2385 discrepet
640 2306 710 2365 et
738 2307 1060 2384 quantum
1087 2300 1420 2365 discordet
1447 2322 1683 2386 parcus
1712 2322 1930 2365 avaro,

273 2413 482 2476 distat
510 2412 709 2492 enim,
741 2433 1012 2497 spargas
1041 2419 1158 2477 tua
1184 2413 1501 2499 prodigus
1531 2436 1617 2477 an
1646 2436 1861 2499 neque
1890 2420 2227 2499 sumptum
2396 2440 2491 2491 195

275 2525 526 2590 invitus
555 2524 754 2589 facias
781 2546 998 2611 neque
1028 2526 1216 2610 plura
1244 2549 1471 2611 parare
1499 2528 1779 2607 labores,

277 2659 357 2702 ac
385 2637 628 2723 potiuS,
659 2658 826 2723 puer
853 2645 932 2702 ut
958 2638 1144 2703 festis
1177 2640 1682 2726 quinquatribus
1713 2640 1891 2720 olim,

279 2750 526 2835 exiguo
552 2757 876 2836 gratoque
905 2749 1140 2815 fruaris
1171 2758 1469 2837 tempore
1497 2752 1761 2838 raptim.

278 2862 627 2947 pauperies
653 2862 974 2928 inmunda
1000 2863 1239 2929 domus
1262 2866 1488 2950 procul
1517 2866 1729 2931 absit:
1777 2887 1904 2951 ego
1930 2872 2150 2929 utrum

282 2996 456 3040 nave
483 2976 653 3039 ferar
679 2997 923 3062 magna
950 2997 1036 3039 an
1065 2998 1288 3061 parva,
1318 2978 1491 3041 ferar
1517 3000 1689 3044 unus
1720 2986 1789 3043 et
1815 2979 2013 3043 idem.
2392 3007 2496 3041 200

290 3108 427 3151 non
455 3088 713 3174 agimur
741 3088 1012 3153 tumidis
1041 3088 1206 3153 velis
1235 3088 1538 3174 aquilone
1569 3090 1878 3168 secundo,

287 3221 426 3264 non
453 3206 678 3265 tamen
707 3200 1002 3266 adversis
1030 3207 1316 3265 aetatem
1343 3201 1645 3265 ducimus
1672 3201 1933 3279 austris,

288 3312 545 3377 viribus
571 3313 845 3399 ingenio
875 3312 1094 3399 specie
1122 3312 1371 3377 virtute
1400 3313 1542 3377 loco
1571 3335 1644 3378 re

293 3424 573 3490 extremi
603 3425 984 3511 primorum,
1017 3424 1328 3489 extremis
1357 3446 1567 3509 usque
1596 3426 1867 3511 priores.

291 3557 429 3600 non
457 3558 528 3601 es
555 3559 830 3603 avarus:
875 3536 1008 3601 abi.
1113 3535 1270 3621 quid
1297 3536 1325 3601 ἲ
1379 3544 1600 3601 cetera
1626 3537 1756 3601 iam
1787 3536 1980 3601 simul
2009 3534 2137 3599 isto
2402 3563 2467 3597 20
2474 3564 2502 3613 ς

296 3670 448 3713 cum
474 3648 638 3713 vitio
666 3650 944 3735 fugere?
991 3656 1171 3714 caret
1199 3649 1324 3713 tibi
1351 3655 1583 3735 pectus
1611 3649 1791 3713 inani

299 3760 705 3827 ambitione?
753 3769 932 3827 caret
959 3760 1188 3826 mortis
1218 3762 1567 3826 formidine
1595 3769 1666 3827 et
1690 3764 1788 3826 ira
1814 3764 1841 3827 ἲ

303 3872 576 3952 somnia,
605 3880 888 3939 terrores
921 3874 1232 3960 magicos,
1265 3875 1592 3954 miracula,
1626 3896 1839 3960 sagas,

304 3990 656 4051 nocturnos
685 3988 964 4051 lemures
993 3992 1427 4073 portentaque
1457 3986 1765 4053 Thessala
1794 3987 2017 4051 rides?
