3109 4817
604 174 734 237 384
1488 172 1929 238 HORA'I'II

600 350 657 413 si
692 349 898 413 veluti
927 348 1192 412 merulis
1220 348 1515 413 intentus
1546 349 1791 414 decidit
1819 372 2058 435 auceps

600 464 670 526 in
703 468 973 546 puteum
1005 461 1368 540 foveamve,
1400 461 1558 525 licet
1589 467 1608 494 ‘
1633 464 2021 527 succurrite'
2052 464 2323 548 longum

600 576 837 638 clamet
868 573 975 637 ‘io
1005 572 1181 637 cives
1201 575 1245 652 ',
1276 595 1408 637 non
1444 575 1533 638 sit
1564 575 1675 659 qui
1707 575 1934 639 tollere
1965 583 2170 640 curet.
2712 590 2819 651 460

602 688 660 751 si
687 693 872 751 curet
904 687 1047 771 quis
1078 707 1270 771 opem
1300 686 1468 750 ferre
1500 693 1569 750 et
1597 687 1944 751 demittere
1973 688 2218 768 funem,

607 807 627 835 ‘
656 802 767 886 qui
799 801 925 864 eois
954 822 1039 863 an
1068 799 1355 884 prudens
1387 799 1513 864 huo
1544 821 1615 863 se
1645 800 1992 884 proiecerit
2019 807 2217 886 atque

605 913 854 978 servari
883 912 1052 976 nolit
1072 914 1132 977 ?’
1177 911 1389 976 dicam
1416 937 1434 988 ;
1488 911 1818 998 Siculique
1848 921 2081 997 poetae

598 1027 875 1089 narrabo
903 1026 1266 1089 interitum.
1372 1025 1534 1088 deus
1564 1025 1927 1089 inmortalis
1959 1025 2186 1090 haberi

599 1139 756 1202 dum
787 1139 968 1223 eupit
997 1136 1449 1222 Empedocles,
1482 1137 1822 1202 ardentem
1852 1138 2131 1223 frigidus
2160 1139 2447 1202 Aetnam
2700 1155 2770 1215 46
2784 1170 2809 1217 5

596 1251 869 1316 insiluit.
973 1250 1061 1313 sit
1087 1250 1190 1313 ius
1219 1250 1539 1335 liceatque
1573 1251 1787 1335 perire
1817 1251 2052 1336 poetis,

599 1364 883 1429 invitum
921 1364 1032 1449 qui
1063 1370 1304 1441 servat,
1334 1363 1511 1426 idem
1542 1364 1699 1427 facit
1727 1363 2069 1428 occidenti.

598 1500 720 1541 nec
750 1477 952 1541 semel
981 1477 1107 1540 hoo
1137 1477 1315 1554 fecit,
1335 1498 1456 1540 neo
1489 1476 1544 1539 si
1575 1483 1896 1541 retractus
1928 1478 2055 1541 erit
2083 1478 2236 1556 iam,

599 1592 714 1655 fiet
741 1591 935 1654 homo
968 1596 1037 1653 et
1063 1595 1266 1674 ponet
1293 1589 1579 1652 famosae
1610 1589 1841 1653 mortis
1871 1612 2182 1655 amorem.

599 1725 719 1767 neo
749 1703 908 1767 satis
938 1708 1210 1786 apparet
1238 1723 1354 1765 om·
1381 1722 1612 1765 versus
1644 1701 1901 1766 factitet
1917 1726 1934 1779 3
1982 1710 2202 1766 utrum
2703 1733 2813 1779 470

601 1817 911 1881 minxerit
938 1816 1007 1878 in
1040 1814 1284 1899 patrios
1314 1814 1588 1892 cineres,
1620 1837 1703 1877 an
1735 1814 1924 1879 triste
1954 1815 2248 1879 bidental

604 1930 886 1994 moverit
913 1929 1202 1993 incestus
1229 1953 1244 1991 ε
1299 1935 1476 1991 certe
1506 1927 1686 2006 furit,
1717 1950 1793 1991 ao
1821 1929 2007 1992 velut
2034 1951 2246 2007 ursae,

600 2043 890 2107 obiectos
920 2062 1156 2105 caveae
1186 2039 1393 2104 valuit
1422 2040 1478 2104 si
1507 2041 1810 2124 frangere
1846 2041 2150 2119 clathroe,

597 2155 935 2218 indoctum
964 2154 1358 2237 doctumque
1388 2155 1577 2238 fugat
1604 2152 1912 2219 recitator
1940 2155 2211 2218 acerbus
2232 2178 2252 2230 ;

602 2291 795 2354 quem
826 2290 983 2332 vero
1014 2268 1310 2352 arripuit,
1345 2275 1528 2332 tenet
1560 2268 1927 2354 occiditque
1956 2269 2262 2354 leg-ench,
2704 2299 2770 2345 47
2783 2298 2809 2347 ς

602 2404 734 2446 non
764 2382 1041 2446 missura
1070 2390 1309 2460 cutem,
1340 2381 1469 2445 nisi
1499 2383 1694 2466 plena
1722 2382 1990 2461 cruoris,
2016 2381 2270 2445 hirudo,
