3109 4817
1467 247 1922 314 HORATII

1630 2270 1777 2334 lIII

898 2509 1300 2576 OLVITUR
1330 2510 1495 2574 acris
1526 2511 1781 2595 hiemps
1812 2518 2000 2596 grata
2027 2510 2170 2574 vice
2196 2509 2369 2574 veris
2402 2516 2471 2574 et
2500 2508 2736 2584 favoni,

939 2624 1334 2708 trahuntque
1368 2623 1570 2687 siccas
1600 2624 1937 2686 machinae
1968 2624 2238 2700 carinas,

725 2756 799 2798 ac
827 2757 1039 2821 neque
1068 2735 1196 2798 iam
1227 2736 1498 2799 stabulis
1529 2735 1779 2820 gaudet
1809 2757 2004 2819 pecus
2033 2742 2147 2798 aut
2176 2742 2390 2798 arator
2417 2734 2580 2818 igni,

724 2868 844 2910 nec
874 2854 1059 2932 prata
1087 2847 1263 2911 canis
1292 2847 1576 2911 albicant
1603 2847 1872 2932 pruinis,

727 2960 856 3023 iam
891 2960 1212 3045 Cytherea
1239 2961 1468 3023 choros
1498 2959 1680 3024 ducit
1708 2959 1935 3024 Venus
1964 2959 2344 3024 imminente
2374 2960 2547 3037 luna,

728 3071 1113 3156 iunctaeque
1142 3071 1447 3156 nymphis
1477 3072 1724 3156 gratiae
1756 3073 2061 3135 decentes

731 3183 980 3247 alterno
1013 3191 1250 3247 terram
1283 3184 1584 3268 quatiunt
1613 3184 1800 3267 pede,
1834 3184 1989 3247 dum
2020 3184 2240 3268 gravis
2276 3184 2627 3269 Cyclopum

730 3293 1062 3358 Vulcanus
1091 3296 1322 3360 ardens
1354 3296 1484 3359 urit
1512 3297 1817 3360 officinas.

736 3429 907 3471 nunc
937 3408 1127 3472 decet
1154 3416 1267 3473 aut
1295 3410 1487 3472 viridi
1516 3409 1796 3472 nitidum
1825 3419 2021 3494 caput
2047 3410 2363 3495 impedire
2392 3419 2629 3495 myrt0,

735 3527 849 3582 aut
878 3519 1057 3597 flore,
1090 3524 1296 3583 terrae
1330 3543 1520 3604 quem
1550 3521 1768 3585 ferunt
1798 3522 2042 3585 solutae
2064 3547 2081 3598 ;

737 3654 909 3695 nunc
940 3638 1008 3695 et
1035 3631 1102 3694 in
1135 3632 1453 3696 umbrosis
1487 3633 1708 3696 Fauno
1744 3634 1933 3697 decet
1960 3634 2290 3696 immolare
2321 3634 2502 3711 lucis,

739 3765 854 3808 seu
881 3750 1108 3828 poscat
1134 3765 1305 3828 agna
1333 3744 1470 3807 sive
1502 3746 1685 3808 malit
1712 3745 1939 3807 haedo,

738 3857 975 3942 pallida
1005 3855 1186 3920 Mors
1216 3879 1421 3941 aequo
1452 3858 1668 3941 pulsat
1699 3858 1862 3941 pede
1893 3880 2248 3942 pauperum
2279 3860 2577 3922 tabernas

736 3990 1096 4054 regumque
1126 3970 1342 4033 turris.
1447 3991 1484 4031 o
1515 3970 1704 4033 beate
1742 3968 1933 4047 Sesti,

737 4083 912 4145 vitae
942 4104 1193 4145 summa
1221 4081 1439 4145 brevis
1470 4103 1653 4165 spem
1681 4104 1801 4146 nos
1832 4090 2015 4147 vetat
2043 4084 2344 4147 incohare
2381 4084 2662 4168 longam.
2758 4113 2774 4144 ι

737 4194 866 4256 iam
897 4200 963 4257 te
996 4199 1248 4277 premet
1275 4213 1404 4255 nox
1435 4194 1815 4278 fabulaeque
1847 4218 2067 4259 manes
