3109 4817
586 200 711 266 272
1468 198 1937 264 HORATII

577 370 787 434 donec
815 390 935 433 vos
964 377 1191 435 auctor
1219 371 1446 435 docuit
1472 372 1860 455 praetorius.
1970 392 2129 455 ergo
2739 398 2799 445 ςο

579 480 783 565 siquis
813 504 988 545 nunc
1017 505 1280 568 mergos
1311 504 1545 547 suaves
1578 482 1859 547 edixerit
1886 504 2091 560 assos,
2613 460 2623 471 ⁸

576 594 834 678 parebit
861 596 1048 679 pravi
1077 596 1306 661 docilis
1337 596 1633 661 Romana
1658 596 1990 660 iuventus.

575 706 875 770 sordidus
905 730 944 770 a
973 708 1156 771 tenui
1184 708 1368 773 victu
1396 709 1693 787 distabit,
1726 708 1940 773 Ofello

573 818 808 883 iudice.
910 841 1065 883 nam
1096 820 1338 885 frustra
1365 821 1605 885 vitium
1634 821 1949 885 vitaveris
1978 819 2161 897 illud,

573 930 630 995 si
658 938 726 995 te
755 930 881 995 alio
910 954 1186 1016 pravum
1214 934 1589 998 detorseris,
1692 932 2082 1009 Avidienus,
2727 960 2755 1009 5
2769 962 2791 1007 ς

572 1045 678 1108 0111
707 1046 884 1109 canis
915 1065 998 1108 ex
1025 1067 1184 1110 vero
1213 1046 1484 1111 ductum
1514 1067 1880 1131 cognomen
1912 1045 2245 1121 adhaeret,

573 1156 1010 1243 quinquennis
1041 1159 1215 1223 oleas
1247 1166 1350 1223 est
1379 1166 1449 1223 et
1477 1158 1806 1223 silvestria.
1836 1178 2053 1235 corna,

568 1292 644 1334 ac
671 1270 802 1335 nisi
829 1277 1154 1335 mutatum
1183 1272 1394 1355 parcit
1421 1272 1780 1336 defimdere
1810 1271 2061 1349 vinum,
2100 1275 2171 1333 et

570 1381 754 1445 cuius
786 1382 1052 1447 odorem
1082 1383 1208 1447 olei
1239 1406 1529 1468 nequeas
1559 1383 1871 1468 perferre,
1902 1381 2130 1446 licebit

570 1493 680 1557 ille
710 1494 984 1578 repotia,
1015 1496 1266 1559 natales
1295 1495 1540 1559 aliosve
1570 1495 1825 1560 dierum
2713 1506 2786 1554 60

569 1606 772 1669 festos
801 1607 1057 1670 albatus
1087 1606 1396 1685 celebret,
1428 1629 1632 1671 cornu
1659 1608 1803 1693 ipse
1833 1604 2055 1671 bilibri

570 1718 861 1783 caulibus
890 1718 1187 1795 instillat,
1217 1720 1463 1783 veteris
1492 1741 1627 1783 non
1657 1740 1892 1804 parcus
1914 1716 2112 1805 aceti.

571 1830 744 1915 quali
771 1830 980 1915 igitur
1006 1831 1189 1895 victu
1219 1832 1480 1915 sapiens
1511 1837 1756 1909 utetur,
1789 1838 1859 1894 et
1886 1830 2121 1893 horum

566 1950 788 2007 utrum
815 1944 1227 2009 imitabitur?
1274 1945 1394 2009 hac
1425 1952 1667 2031 urguet
1694 1946 1887 2030 lupus
1890 1992 1911 2022 ,
1942 1943 2064 2005 hac
2094 1940 2295 2019 canis,
2325 1939 2529 2002 aiunt.

566 2056 849 2121 mundus
879 2057 1026 2136 erit,
1060 2079 1188 2141 qua
1215 2079 1350 2121 non
1380 2058 1671 2121 offendat
1700 2056 2025 2134 sordibus,
2057 2060 2253 2138 atque
2708 2065 2738 2112 6
2748 2079 2775 2127 ς

564 2168 636 2231 111
665 2176 966 2233 neutram
994 2176 1249 2254 partem
1279 2170 1491 2233 cultus
1520 2170 1742 2235 miser.
1844 2168 1951 2232 hic
1980 2186 2195 2251 neque
2225 2164 2453 2240 servis,

569 2280 810 2345 Albuci
839 2280 1012 2345 senis
1043 2282 1365 2367 exemplo,
1396 2282 1556 2345 dum
1586 2282 1809 2345 munia
1837 2280 2008 2344 didit

568 2413 803 2457 saevus
835 2392 998 2469 erit3
1043 2416 1165 2457 nec
1195 2394 1290 2458 sic
1319 2401 1394 2457 ut
1423 2394 1701 2479 simplex
1731 2392 2024 2459 Naevius
2052 2397 2317 2454 unctam

483 2521 486 2524 ·
567 2504 864 2569 convivis
893 2505 1239 2589 praebebit
1267 2530 1539 2592 aquam:
1586 2506 1822 2571 vitium
1851 2506 1979 2569 hoc
2011 2524 2268 2589 quoque
2297 2522 2632 2586 magnum.

565 2616 786 2699 accipe
815 2639 1012 2696 nunc,
1044 2617 1258 2683 victus
1288 2620 1504 2684 tenuis
1536 2642 1702 2705 quae
1732 2626 2104 2705 quantaque
2135 2637 2355 2680 secum
2706 2642 2775 2689 70

564 2728 815 2793 afferat.
915 2730 986 2793 in
1015 2731 1243 2815 primis
1273 2734 1490 2797 valeas
1521 2734 1713 2797 bene.
1816 2753 1970 2794 nam
1998 2728 2217 2795 variae
2244 2748 2351 2791 res

564 2848 642 2905 ut
668 2848 948 2906 noceant
975 2843 1245 2923 homini,
1278 2845 1526 2923 credas,
1556 2866 1808 2909 memor
1834 2843 2007 2907 illius
2037 2860 2245 2919 escae,

565 2977 732 3041 quae
763 2955 1040 3041 simplex
1072 2956 1225 3020 olim
1255 2957 1379 3022 tibi
1407 2958 1693 3022 sederit:
1738 2964 1810 3021 at
1838 2956 2031 3021 simul
2060 2954 2221 3019 assis

564 3069 903 3133 miscueris
934 3068 1126 3148 elixa,
1158 3070 1350 3133 simul
1380 3071 1719 3155 conchylia
1748 3070 1979 3147 turdis,

558 3182 776 3246 dulcia
804 3204 875 3246 se
902 3182 972 3245 in
1003 3182 1202 3247 bilem
1231 3190 1515 3261 vertent,
1549 3184 2011 3267 stomachoque
2041 3178 2393 3245 tumultum
2704 3205 2736 3249 7
2747 3204 2775 3253 ς

561 3295 743 3359 lenta
771 3296 938 3359 feret
970 3294 1228 3380 pituita.
1330 3296 1518 3361 vides
1549 3303 1625 3361 ut
1655 3296 1932 3382 pallidus
1966 3293 2177 3357 omnis

561 3429 724 3472 cena
751 3407 1067 3491 desurgat
1094 3407 1346 3472 dubia?
1395 3409 1552 3493 quin
1582 3431 1818 3494 corpus
1852 3402 2223 3471 honustum‘

560 3519 886 3585 hesternis
914 3520 1094 3583 vitiis
1123 3520 1412 3584 animum
1443 3542 1701 3606 quoque
1731 3524 2125 3606 praegravat
2150 3537 2281 3580 una

560 3640 759 3718 atque
788 3631 1022 3716 adfigit
1047 3632 1246 3697 humo
1277 3633 1538 3699 divinae
1568 3633 1952 3719 particulam
1982 3651 2196 3695 aurae.

560 3746 745 3824 alter,
775 3744 890 3808 ubi
919 3744 1095 3807 dicto
1125 3744 1316 3810 citius
1347 3752 1569 3811 curata
1600 3746 1816 3831 sopori
2702 3752 2771 3800 80

560 3858 856 3922 membra
884 3857 1088 3937 dedit,
1119 3866 1398 3945 vegetus
1428 3860 1830 3945 praescripta
1856 3859 1939 3922 ad
1971 3857 2192 3921 munia
2221 3852 2453 3937 surgit.

559 3970 667 4033 hic
697 3977 916 4034 tamen
946 3970 1029 4033 ad
1058 3971 1288 4035 melius
1319 3972 1563 4057 poterit
1592 3980 2030 4037 transcurrere
2062 3966 2427 4053 quondam3
