3109 4817
582 209 708 274 236
1462 207 1911 274 HORATII

1641 2074 1750 2136 III

807 2295 949 2361 MN
952 2296 1166 2362 IBUS
1194 2298 1317 2361 hoc
1346 2298 1581 2362 vitium
1612 2306 1714 2363 est
1742 2298 2136 2377 cantoribus„
2167 2298 2341 2362 inter
2368 2297 2609 2360 amicos

849 2417 924 2473 ut
947 2432 1304 2494 numquam
1331 2410 1646 2475 inducant
1672 2411 1959 2474 animum
1990 2417 2250 2475 cantare
2279 2410 2516 2495 rogati,

580 2524 809 2588 iniussi
836 2546 1193 2609 numquam
1223 2523 1565 2588 desistant.
1676 2523 1918 2588 Sardus
1948 2524 2237 2587 habebat

584 2637 693 2699 isse
722 2636 1036 2721 Tigellius
1065 2636 1211 2700 hoc.
1320 2635 1576 2714 Caesar,
1611 2635 1720 2721 qui
1750 2657 1985 2720 cogere
2015 2642 2260 2720 posset,

587 2748 644 2812 si
672 2755 929 2833 peteret
957 2771 1075 2832 per
1104 2747 1454 2812 amicitiam
1483 2748 1688 2832 patris
1717 2754 1914 2832 atque
1946 2770 2151 2826 suam,
2182 2770 2313 2811 non

589 2861 933 2945 quicquam
962 2861 1343 2945 proficeret3
1391 2860 1446 2923 si
1474 2859 1897 2939 collibuisset,
1928 2861 2012 2924 ab
2049 2882 2172 2925 ovo

585 2995 792 3058 usque
821 2972 906 3036 ad
934 2973 1104 3037 mala
1132 2973 1364 3036 citaret
1396 2978 1415 3006 ‘
1438 2973 1503 3035 io
1531 2972 1868 3050 bacchae’‚
1899 2972 2094 3036 modo
2125 2994 2375 3036 summa

585 3109 768 3165 voce,
800 3087 996 3150 modo
1025 3086 1167 3165 hac,
1197 3093 1464 3150 resonat
1493 3107 1658 3170 quae
1688 3085 1948 3149 chordis
1980 3093 2287 3171 quattuor
2313 3086 2463 3149 ima.

585 3199 679 3262 nil
708 3200 977 3284 aequale
1006 3199 1254 3262 homini
1282 3199 1407 3262 fuit
1434 3199 1563 3261 illi:
1613 3220 1806 3283 saepe
1835 3199 2017 3262 velut
2048 3198 2160 3282 qui

586 3313 888 3377 currebat
916 3312 1173 3398 fugiens
1203 3313 1483 3390 hostem,
1515 3333 1827 3396 persaepe
1857 3312 2042 3376 velut
2072 3311 2184 3396 qm‘

586 3426 857 3490 Iunonis
887 3448 1068 3489 sacra
1097 3426 1297 3488 ferret
1320 3449 1339 3501 ;
1383 3424 1672 3488 habebat
1700 3446 1892 3509 saepe
1923 3423 2261 3501 ducent08‚

587 3559 780 3623 saepe
810 3538 1037 3601 decem
1066 3558 1288 3601 servos
1310 3562 1327 3613 3
1374 3536 1567 3599 modo
1597 3558 1789 3620 reges
1817 3543 2013 3620 atque
2045 3536 2423 3614 tetrarchas,

586 3651 803 3715 omnia
830 3672 1070 3736 magna
1097 3651 1390 3734 loquenS‚
1423 3648 1615 3711 modo
1648 3652 1669 3682 ‘
1692 3648 1780 3712 sit
1808 3649 1966 3711 mihi
1996 3670 2221 3711 mensa
2249 3648 2451 3732 tripes
2483 3655 2552 3710 et

588 3764 832 3827 concha
860 3764 1011 3827 salis
1041 3763 1186 3846 puri
1217 3769 1285 3825 et
1314 3767 1472 3845 toga
1503 3783 1667 3846 quae
1699 3760 2047 3824 defendere
2077 3761 2284 3845 frigus

590 3875 883 3961 quamvis
913 3898 1127 3939 crassa
1158 3875 1403 3959 queat'.
1507 3874 1769 3938 deciens
1800 3881 2076 3937 centena
2104 3874 2395 3938 dedisses
2467 3893 2477 3904 ·

589 3989 738 4051 huic
768 4010 986 4072 parce,
1018 3987 1239 4073 paucis
1277 3993 1608 4064 contente,
1643 3987 1928 4072 quinque
1960 3987 2188 4049 diebus

2727 3343 2789 3376 10

2729 3903 2786 3949 ¹5
