3109 4817
772 216 779 223 ’
875 240 1634 321 EPISTULARUM
1700 245 1772 308 Π
1839 246 1896 324 1,
1961 247 1997 307 2

339 414 506 498 quod
544 414 689 499 quis
719 415 975 479 deridet
1007 440 1198 502 quam
1233 420 1406 503 quod
1436 421 1675 503 probat
1704 429 1773 484 et
1799 428 2171 484 veneratur.

337 530 431 593 nil
459 550 676 593 moror
705 530 986 594 officium
1017 533 1191 617 quod
1220 556 1326 598 me
1356 541 1630 619 gravat3
1678 557 1753 599 ac
1781 557 1997 621 neque
2026 537 2180 599 ficto

332 644 404 705 in
433 642 618 727 peius
647 644 836 707 vultu
866 646 1143 730 proponi
1173 669 1398 712 cereus
1428 671 1727 733 usquam,

333 778 456 819 nec
486 778 686 841 prave
716 757 904 821 factis
934 758 1226 822 decorari
1254 762 1553 825 versibus
1585 768 1765 846 epte,

333 891 418 932 ne
447 870 719 933 rubeam
747 870 982 957 pingui
1010 872 1290 937 donatus
1319 885 1590 938 munere
1621 881 1690 939 et
1720 897 1849 937 una

335 1005 487 1054 cum
517 983 834 1067 scriptore
864 1006 1010 1048 meo
1039 992 1234 1069 ca'paa
1262 994 1601 1070 porrectus
1632 995 1862 1072 operta

336 1095 597 1158 deferar
623 1096 692 1159 in
722 1096 940 1160 vicum
970 1097 1370 1162 vendentem
1400 1107 1507 1163 tus
1539 1106 1609 1163 et
1638 1100 1870 1164 odores
1977 1178 1986 1189 .

335 1214 406 1270 et
434 1206 622 1292 piper
650 1216 719 1271 et
749 1209 1056 1294 quicquid
1087 1210 1328 1275 chartis
1358 1211 1659 1276 amicitur
1687 1212 1950 1296 ineptis,

1408 2673 1482 2736 II

364 2881 797 3076 FLORE,
828 2888 1002 2951 bono
1032 2887 1333 2972 claroque
1363 2887 1573 2951 fidelis
1602 2889 1807 2952 amice
1838 2888 2110 2967 Neroni,

581 3002 785 3088 siquis
815 3002 982 3064 forte
1011 3000 1175 3064 velit
1201 3022 1475 3084 puerum
1505 3001 1630 3064 tibi
1658 3002 1943 3066 vendere
1972 3012 2195 3067 natum

338 3115 580 3179 Tibure
607 3116 716 3178 vel
747 3114 970 3178 Gabiis
1001 3119 1070 3176 et
1100 3119 1317 3176 tecum
1347 3112 1439 3175 sic
1468 3119 1647 3197 agat,
1682 3117 1701 3146 ‘
1720 3113 1826 3176 hio
1856 3122 1925 3177 et

340 3228 654 3292 candidus
686 3233 755 3291 et
782 3227 948 3290 talos
978 3248 1017 3288 a
1045 3224 1291 3288 vertice
1321 3224 1592 3308 pulcher
1619 3224 1702 3287 ad
1730 3224 1897 3289 imos

339 3339 455 3402 fiet
483 3340 735 3425 eritque
767 3347 918 3402 tuus
946 3357 1359 3400 nummorum
1390 3336 1653 3399 milibus
1684 3343 1853 3413 octe,

339 3472 543 3514 verna
569 3451 948 3516 ministeriis
977 3449 1059 3512 ad
1089 3453 1289 3511 nutus
1318 3454 1512 3532 aptus
1542 3448 1753 3526 erileS,

338 3564 644 3628 litterulis
676 3564 937 3628 Graecis
966 3563 1280 3639 imbutae,
1312 3560 1588 3624 idoneus
1616 3562 1741 3624 arti

339 3677 629 3756 cuilibet,
660 3678 891 3763 argilla
926 3675 1184 3761 quidvis
1212 3673 1573 3738 imitaberis
1602 3674 1769 3750 uda3

338 3764 499 3872 'quin
530 3789 726 3853 etiam
756 3797 947 3854 canet
974 3788 1332 3864 indoctum,
1364 3785 1480 3850 sed
1509 3786 1699 3849 <11:100
1729 3785 2005 3849 bibenti.

337 3903 546 3965 multa
573 3902 769 3966 fidem
798 3902 1116 3988 promissa
1143 3901 1387 3977 levant,
1419 3899 1534 3962 ubi
1563 3898 1819 3983 plenius
1848 3919 2057 3983 aequo

335 4014 561 4079 laudat
588 4016 852 4080 venales
883 4015 995 4099 qui
1023 4013 1169 4076 vult
1197 4011 1543 4075 extrudere
1572 4033 1843 4075 merces„

2417 243 2539 306 361

2443 664 2541 721 265
