3109 4817
540 165 663 230 288
1420 167 1864 232 HORATII

538 343 822 408 Massica
851 343 908 408 si
937 344 1115 408 caelo
1147 344 1479 428 subponas
1508 344 1666 409 vina
1695 367 1949 425 serene,

536 463 857 520 nocturna
886 456 1102 541 siquid
1134 455 1335 520 crassi
1366 463 1469 521 est
1498 459 1880 522 tenuabitur
1909 481 2086 537 aura,

537 577 607 635 et
634 570 911 634 decedet
941 570 1101 633 odor
1128 571 1350 634 nervis
1380 569 1684 635 inimicus
1710 597 1724 635 :
1771 579 1843 635 at
1869 573 1982 635 illa

533 682 868 767 integrum
900 681 1189 766 perdunt
1217 682 1351 746 lino
1380 682 1616 746 vitiata
1647 705 1966 768 saporem.

541 795 923 862 Surrentina
951 794 1135 858 vafer
1164 797 1277 879 qui
1305 795 1539 859 miscet
1568 796 1748 860 faece
1783 797 2058 860 Falerna

535 909 710 988 vina,
742 908 1113 973 columbino
1142 907 1371 972 limum
1399 909 1572 972 bene
1601 908 1853 994 colligit
1884 931 2032 988 ove,

536 1029 858 1106 quatenus
886 1021 1019 1084 ima
1047 1019 1217 1105 petit
1245 1021 1519 1086 volvens
1550 1021 1764 1085 aliena
1793 1022 2079 1086 vitellus,

534 1139 726 1203 tostis
757 1144 1155 1202 marcentem
1187 1137 1439 1223 squillis
1467 1139 1794 1203 recreabis
1826 1146 1894 1202 et
1922 1140 2088 1204 Afra

532 1258 832 1336 potorem
863 1251 1159 1315 cochlea:
1206 1273 1361 1314 nam
1390 1251 1646 1314 lactuca
1672 1250 1931 1316 innatat
1959 1254 2093 1316 acri

530 1372 683 1448 post
712 1363 938 1429 vinum
972 1362 1306 1428 stomacho
1330 1387 1350 1440 3
1396 1384 1602 1447 perna
1631 1363 1844 1448 magis
1873 1386 1950 1428 ac
1980 1365 2192 1450 magis
2222 1366 2396 1430 hillis

532 1477 790 1563 flagitat
817 1477 1143 1539 inmorsus
1174 1475 1373 1553 refici,
1408 1476 1566 1561 quin
1596 1475 1816 1539 omnia
1845 1477 2031 1541 malit

533 1611 977 1677 quaecumque
1014 1586 1349 1652 inmundis
1379 1587 1642 1652 fervent
1669 1589 1866 1652 allata
1893 1588 2175 1674 popinis.

530 1710 635 1768 est
665 1724 899 1788 operae
929 1701 1216 1787 pretium
1246 1700 1524 1786 duplicis
1554 1723 1946 1786 pernoscere
1975 1703 2136 1766 iuris

528 1824 850 1881 naturam.
956 1814 1231 1899 simplex
1268 1835 1305 1878 e
1336 1813 1511 1877 dulci
1538 1821 1800 1878 constat
1829 1813 2024 1893 olivo,

530 1929 705 2015 quod
734 1927 967 2013 pingui
995 1927 1267 1990 miscere
1298 1946 1479 1990 mero
1507 1926 1848 2010 muriaque
1877 1925 2142 1992 decebit

527 2064 662 2105 non
692 2041 817 2105 alia
848 2063 1041 2126 quam
1074 2061 1203 2124 qua
1232 2039 1555 2124 Byzantia
1587 2038 1810 2124 putuit
1840 2061 2010 2104 orca.

528 2155 652 2219 hoc
682 2154 797 2219 ubi
827 2153 1167 2218 confusum
1197 2151 1395 2216 sectis
1424 2151 1742 2238 inferbuit
1769 2152 1991 2216 herbis

535 2267 937 2352 Corycioque
967 2287 1155 2329 croco
1186 2286 1483 2349 sparsum
1514 2266 1724 2342 stetit,
1755 2265 2025 2350 insuper
2053 2265 2254 2328 addes

529 2401 755 2466 pressa
780 2377 1193 2443 Venafranae
1226 2377 1401 2462 quod
1429 2378 1594 2442 baca
1621 2376 1878 2442 remisit
1907 2376 2160 2441 cliviae.

530 2492 789 2556 Picenis
820 2491 1067 2554 cedunt
1095 2490 1308 2575 pomis
1338 2490 1636 2555 Tiburtia
1665 2511 1851 2554 suco:

526 2627 678 2668 nam
711 2604 872 2668 facie
901 2609 1260 2689 praestant.
1364 2603 1687 2668 Venucula
1716 2601 2026 2674 convenit
2055 2603 2232 2666 ollis:

526 2719 768 2782 rectius
796 2718 1122 2782 Albanam
1151 2718 1329 2780 fumo
1359 2717 1698 2781 duraveris
1727 2739 1944 2780 uvam.

528 2831 695 2894 hanc
728 2852 853 2915 ego
886 2850 1035 2893 cum
1064 2829 1275 2907 malis,
1308 2851 1436 2914 ego
1465 2829 1714 2892 faecem
1743 2829 1993 2913 primus
2024 2836 2092 2893 et
2120 2829 2303 2905 allec,

526 2943 775 3029 primus
812 2949 881 3006 et
908 2941 1210 3006 invenior
1239 2941 1426 3026 piper
1454 2941 1676 3005 album
1707 2963 1857 3004 cum
1887 2942 2020 3006 sale
2047 2943 2240 3028 nigro

525 3057 849 3121 incretum
878 3055 1059 3141 puris
1089 3053 1631 3138 circumposuisse
1661 3054 1916 3118 catillis.

526 3171 787 3235 inmane
818 3176 920 3234 est
948 3168 1185 3232 vitium
1213 3168 1369 3231 dare
1398 3166 1578 3230 milia
1609 3173 1798 3229 terna
1831 3168 2101 3233 macello

526 3290 938 3368 angustoque
968 3302 1175 3366 vagos
1206 3279 1418 3365 pisces
1447 3300 1684 3364 urgere
1715 3280 1952 3343 catino,

528 3417 769 3480 magna
796 3399 1022 3457 movet
1051 3391 1387 3457 stomacho
1416 3391 1701 3470 fastidia,
1735 3414 1850 3456 seu
1881 3415 2046 3478 puer
2074 3395 2288 3458 unctis

528 3508 835 3572 tractavit
864 3507 1131 3571 calicem
1160 3507 1486 3584 manibus,
1520 3506 1679 3570 dum
1712 3507 1886 3570 furta
1915 3507 2200 3592 ligurrit,

528 3623 668 3686 sive
698 3620 921 3706 gravis
951 3619 1162 3683 veteri
1192 3626 1515 3683 creterrae
1546 3618 1742 3682 limus
1771 3618 2088 3684 adhaesit.

526 3734 767 3798 vilibus
796 3734 865 3794 in
897 3732 1134 3816 scopis,
1164 3732 1234 3794 in
1264 3732 1545 3816 mappis,
1577 3731 1647 3796 in
1677 3733 1874 3796 scobe
1909 3739 2190 3816 quantus

527 3845 828 3910 consistit
856 3850 1156 3928 sumptus
1180 3845 1206 3908 Ρ
1254 3843 1600 3928 neglectis,
1633 3844 1959 3930 flagitium
1989 3845 2249 3931 ingens,

528 3966 639 4022 ten
669 3957 920 4042 lapides
950 3957 1165 4021 varios
1195 3956 1522 4020 lutulenta
1550 3957 1782 4020 radere
1810 3957 2046 4042 palma,

2688 831 2746 878 55

2677 1381 2745 1429 60

2670 2519 2738 2564 70

2671 3080 2736 3126 75

2671 3639 2738 3687 80
