3109 4817
895 149 1651 218 EPISTULARUM
1714 150 1749 211 I
1822 148 1924 225 12,
1994 147 2071 209 13

1387 1501 1564 1564 XIII

618 1700 672 1763 T
701 1699 1218 1785 proficiscentem
1252 1700 1443 1763 docui
1475 1708 1540 1764 te
1573 1722 1766 1785 saepe
1802 1701 2064 1785 diuque,

660 1814 969 1897 Augusto
999 1812 1236 1876 reddes
1266 1813 1526 1897 signata
1553 1814 1907 1891 volumina,
1936 1812 2118 1889 Vini,

381 1926 437 1989 si
463 1926 740 2003 validm,
773 1926 829 1989 si
859 1926 1066 1989 laetus
1098 1926 1243 2003 erit,
1277 1926 1331 1988 si
1361 1926 1646 2011 denique
1675 1933 1903 2010 poscet
1930 1951 1945 1990 ι

379 2060 461 2100 ne
491 2038 708 2102 studio
738 2039 944 2101 nostri
973 2060 1204 2123 pecces
1237 2038 1586 2123 odiumque
1616 2039 1852 2101 libellis

381 2150 642 2213 sedulus
670 2151 964 2234 inportes
995 2173 1192 2235 opera,
1219 2152 1613 2215 vehemente
1642 2151 1959 2215 minister.

381 2262 434 2325 si
465 2270 531 2326 te
561 2263 729 2326 forte
759 2285 940 2327 meae
975 2264 1196 2349 gravis
1227 2272 1374 2327 uret
1403 2264 1655 2327 sarcina
1684 2264 1965 2342 chartae,

380 2376 617 2439 abicito
646 2377 864 2460 potius
898 2399 1089 2461 quam
1124 2399 1250 2462 quo
1283 2377 1567 2462 perferre
1596 2377 1840 2441 iuberis

381 2488 648 2552 clitellas
678 2490 853 2553 ferus
882 2490 1188 2576 inpingas
1218 2490 1593 2575 Asinaeque
1625 2496 1967 2576 paternum

381 2622 744 2685 cognomen
774 2610 994 2667 vertas
1022 2603 1092 2666 in
1121 2604 1324 2667 risum
1356 2611 1424 2668 et
1453 2601 1672 2668 fabula
1702 2605 1838 2669 fias.

379 2714 627 2779 viribus
658 2716 861 2780 uteris
889 2738 1008 2801 per
1037 2716 1260 2795 clivos,
1294 2717 1584 2795 flumina,
1614 2718 1839 2781 lamas,

381 2828 591 2891 victor
621 2828 937 2913 propositi
969 2829 1158 2893 simul
1187 2852 1262 2893 ao
1293 2830 1670 2915 perveneris
1698 2831 1873 2908 illuc,

383 2938 475 3003 sio
505 2941 791 3024 positum
822 2941 1112 3005 servabis
1144 2963 1331 3020 onus,
1366 2964 1450 3005 ne
1481 2944 1650 3006 forte
1682 2944 1802 3006 sub
1834 2944 1935 3005 ala

381 3050 756 3115 fasciculum
784 3060 1006 3137 portes
1034 3054 1348 3117 librorum
1379 3061 1455 3117 ut
1484 3054 1765 3117 rusticus
1796 3076 2063 3137 agnum,

381 3171 458 3227 ut
484 3164 714 3228 vinosa
741 3165 1000 3249 glomus
1030 3165 1290 3229 furtivae
1327 3164 1603 3248 Pyrrhia
1636 3166 1843 3240 lanae,

382 3282 458 3339 ut
487 3298 634 3339 cum
662 3276 922 3362 pilleolo
953 3278 1160 3340 soleas
1191 3276 1467 3339 conviva
1497 3275 1777 3338 tribulis.

383 3410 467 3451 ne
495 3390 696 3474 vulgo
724 3410 948 3453 narres
981 3396 1046 3453 te
1078 3388 1412 3452 sudavisse
1444 3386 1713 3450 ferendo

385 3500 666 3563 carmina
699 3522 860 3585 quae
891 3502 1146 3585 possint
1177 3502 1392 3563 oeulos
1425 3520 1743 3583 auresque
1774 3500 2009 3561 morari

392 3611 677 3676 Caesaris
704 3640 717 3677 :
767 3622 984 3677 orabas
1015 3614 1220 3676 multa
1248 3633 1438 3697 prece
1469 3611 1679 3673 nitere
1710 3631 1924 3695 porro,

391 3723 574 3802 vade,
605 3726 748 3789 vale
774 3753 789 3789 ι
836 3748 993 3790 cave
1021 3748 1106 3789 ne
1137 3725 1382 3789 nimbos
1413 3723 1849 3807 mandataque
1881 3725 2160 3808 frangas.

2448 145 2573 207 333

2524 2748 2585 2781 10

2524 3305 2583 3353 ¹5
