3109 4817
1060 198 1662 264 SERMONUM
1723 201 1796 264 II
1857 201 1900 264 4

364 397 449 440 ne
618 375 631 387 '
683 397 723 437 a
751 375 995 440 malum
1023 382 1371 460 responset
1398 375 1562 438 dura
1591 376 1831 460 palatO,

364 488 597 552 doctus
628 487 757 552 eris
787 489 1009 552 vivam
1038 495 1256 552 musto
1285 509 1572 553 mersare
1605 487 1918 552 Falerno:

364 602 487 666 hoc
518 609 813 666 teneram
840 601 1055 666 faciet.
1158 603 1576 686 pratensibus
1606 601 1856 686 optima
1883 603 2106 688 fungis

362 721 597 778 natura
626 720 749 793 est,
780 714 923 778 aliis
952 715 1121 778 male
1152 714 1461 778 creditur.
1561 714 1672 779 ille
1704 716 1996 780 salubres

362 833 645 891 aestates
672 834 970 913 peraget,
1004 827 1115 912 qui
1142 827 1351 912 nigris
1380 827 1656 912 prandia
1683 828 1882 891 moris

362 941 569 1019 finiet,
599 947 753 1005 ante
782 962 1056 1026 gravem
1086 962 1251 1026 quae
1278 941 1519 1025 legerit
1545 942 1776 1006 arbore
1807 943 2032 1006 solem.

364 1052 665 1117 Aufidius
694 1052 849 1117 forti
876 1053 1193 1118 miscebat
1220 1054 1414 1117 mella
1446 1054 1757 1118 Falerno:

364 1166 715 1244 mendose3
766 1167 1069 1252 quoniam
1099 1166 1322 1230 vacuis
1353 1167 1739 1232 conmittere
1769 1169 1956 1233 venis

364 1279 457 1341 nil
484 1279 612 1342 nisi
640 1280 787 1344 lene
818 1279 1043 1343 decet:
1090 1279 1223 1344 leni
1252 1279 1628 1364 praecordia
1655 1281 1866 1345 mulso

366 1392 681 1476 prolueris
709 1391 963 1456 melius,
1068 1392 1124 1456 si
1154 1392 1317 1456 dura
1346 1393 1708 1457 morabitur
1727 1394 1911 1458 alvus
1914 1443 1935 1472 ,

366 1505 633 1568 mitulus
665 1511 734 1568 et
761 1504 925 1568 viles
955 1505 1205 1589 pellent
1233 1506 1564 1570 obstantia
1593 1506 1876 1570 conchae

369 1625 438 1682 et
464 1616 711 1702 lapathi
740 1617 960 1682 brevis
988 1617 1213 1697 herba,
1246 1618 1361 1682 sed
1392 1619 1541 1682 albo
1571 1640 1704 1682 non
1735 1620 1875 1684 sine
1912 1619 2066 1684 Coo,

368 1730 617 1795 lubrica
643 1737 987 1794 nascentes
1016 1730 1296 1816 implent
1323 1731 1662 1815 conchylia
1689 1732 1918 1794 lunae:

370 1842 485 1906 sed
514 1864 649 1906 non
681 1865 873 1908 omne
903 1865 1079 1906 mare
1111 1851 1212 1908 est
1241 1864 1599 1928 generosae
1628 1843 1840 1908 fertile
1871 1850 2117 1909 testae:

370 1955 613 2019 murice
643 1956 888 2020 Baiano
917 1957 1149 2020 melior
1178 1955 1459 2019 Lucrina
1488 1956 1748 2040 peloriS‚

370 2075 585 2132 ostrea
619 2069 882 2148 Circeis,
914 2067 1173 2132 Miseno
1204 2069 1501 2133 oriuntur
1531 2069 1766 2147 echini,

369 2181 739 2266 pectinibus
768 2181 1007 2268 patulis
1035 2181 1238 2246 iactat
1266 2203 1335 2245 se
1364 2183 1560 2269 molle
1590 2181 1964 2246 Tarentum.

369 2317 491 2358 nec
522 2294 647 2358 sibi
681 2316 986 2358 cenarum
1019 2294 1231 2378 quivis
1262 2302 1507 2358 temere
1538 2301 1802 2379 arroget
1831 2302 2060 2373 artem,

371 2427 505 2470 non
534 2406 715 2492 prius
746 2413 974 2470 exacta
1002 2407 1185 2470 tenui
1212 2407 1465 2471 ratione
1496 2428 1820 2492 saporum.

372 2540 495 2583 nec
526 2519 682 2583 satis
714 2526 816 2584 est
844 2541 991 2583 cara
1019 2519 1215 2604 piscis
1245 2541 1545 2584 averrere
1575 2542 1801 2584 mensa

372 2631 675 2716 ignarum
708 2632 943 2717 quibus
975 2639 1078 2696 est
1103 2633 1206 2710 ius
1236 2633 1452 2718 aptius
1484 2640 1553 2697 et
1584 2634 1819 2717 quibus
1849 2634 2012 2698 assis

374 2743 725 2830 languidus
753 2744 825 2807 in
855 2745 1152 2809 cubitum
1178 2745 1310 2808 iam
1340 2767 1409 2809 se
1440 2745 1720 2810 conviva
1747 2755 2046 2831 reponet.

376 2856 630 2921 Umber
660 2864 729 2921 eb
756 2856 963 2942 iligna
988 2857 1277 2922 nutritus
1306 2858 1547 2942 glande
1583 2859 1898 2922 rotundas

376 2976 607 3035 curvat
634 2991 792 3054 aper
819 2971 1037 3034 lances
1068 2992 1329 3034 carnem
1358 2971 1632 3035 vitantis
1660 2972 1941 3035 inertem
1967 2997 1982 3034 ι

375 3105 529 3146 nam
560 3082 852 3146 Laurens
881 3083 1089 3147 malus
1120 3090 1244 3162 est,
1276 3083 1447 3148 ulvis
1478 3091 1546 3148 et
1574 3083 1941 3147 harundine
1971 3083 2257 3168 pinguis.

374 3195 569 3259 vinea
597 3194 953 3259 summittib
980 3217 1244 3280 capreas
1272 3218 1407 3259 non
1438 3217 1699 3280 semper
1729 3196 1974 3260 edules

374 3308 691 3372 fecundae
718 3308 958 3392 leporis
990 3308 1247 3393 sapiens
1280 3308 1639 3373 sectabitur
1667 3329 1902 3371 armoS.

375 3421 667 3506 piscibus
695 3427 894 3505 atque
922 3420 1155 3485 avibus
1188 3442 1352 3504 quae
1379 3426 1616 3482 natura
1645 3427 1715 3484 eb
1743 3419 1915 3484 foret
1944 3424 2148 3497 aetaS,

374 3541 529 3598 ante
560 3556 779 3598 meum
805 3535 969 3598 nuJJi
998 3533 1212 3618 patuit
1243 3531 1536 3618 quaesita
1563 3533 1876 3617 palatum.

376 3653 531 3711 sunt
561 3668 837 3732 quorum
864 3645 1205 3732 ingenim
1233 3667 1407 3708 nova
1435 3651 1694 3708 tantum
1725 3644 2012 3708 crustula
2041 3641 2304 3728 promit.

372 3781 785 3844 nequaquam
815 3760 974 3824 satis
1001 3759 1072 3821 in
1102 3781 1173 3822 re
1204 3781 1333 3821 una
1362 3779 1744 3822 consumere
1773 3778 2033 3834 curam3

378 3879 455 3936 ut
484 3872 687 3956 siquis
718 3872 927 3935 solum
955 3871 1102 3950 hoc,
1133 3872 1301 3934 mala
1327 3891 1413 3934 ne
1444 3869 1580 3934 sint
1606 3871 1782 3948 vina,
1811 3869 2087 3947 laboret,

385 3984 559 4070 quali
590 3985 940 4070 perfundat
968 3985 1165 4068 piscis
1193 4006 1456 4049 securus
1487 3983 1684 4048 olivo·

2453 205 2574 268 287

2521 1761 2586 1808 30

2521 2323 2584 2371 35

2514 2887 2585 2934 40

2515 3447 2584 3492 45

2513 4005 2576 4053 50
