3109 4817
1029 248 1626 316 SERMONUM
1688 250 1724 312 I
1793 251 1830 313 2
2387 251 2511 316 235

279 444 616 511 pavonem
646 425 1132 511 rhombumque
1160 427 1188 490 ἲ
1237 431 1495 490 tument
1523 423 1649 490 tibi
1677 446 1827 489 oum
1855 424 2151 512 inguina,
2181 447 2363 505 num,
2395 426 2449 490 si

283 539 529 603 ancilla
555 545 674 603 aut
698 560 905 603 verna
932 546 1036 604 est
1064 546 1324 625 praesto
1354 559 1542 624 puer,
1578 538 1866 625 impetus
1894 539 1966 603 in
1998 560 2192 625 quem

285 653 606 716 continuo
634 652 770 731 fiat,
802 653 990 717 malis
1018 652 1345 738 tentigine
1374 651 1640 737 rumpi?

283 786 431 828 non
460 787 623 851 ego:
667 787 951 851 namque
980 765 1341 850 parabilem
1367 785 1516 828 amo
1544 763 1877 829 Venerem
1906 763 2315 850 facilemque.

286 877 474 940 illam
506 882 526 911 ‘
545 883 698 962 post
725 878 919 962 paulo
942 902 963 955 3
1008 876 1126 942 sed
1154 877 1358 963 pluris
1381 901 1401 954 3
1447 877 1505 941 si
1535 876 1770 940 exierit
1797 876 1932 941 vir'
2416 907 2513 940 120

294 988 527 1068 Gallis,
560 990 728 1054 hano
758 989 1180 1053 Philodemus
1209 991 1304 1054 ait
1333 988 1460 1053 sibi
1491 1009 1657 1073 quae
1686 1009 1901 1073 neque
1929 1010 2172 1075 magno
2223 1072 2234 1077 -

299 1107 440 1165 stet
464 1101 679 1187 pretio
704 1122 920 1187 neque
951 1108 1316 1180 cunctetur,
1347 1123 1497 1164 oum
1526 1106 1630 1164 est
1658 1099 1835 1165 iussa
1862 1101 2110 1166 venire.

296 1213 581 1278 eandida
608 1220 916 1300 rectaque
946 1214 1035 1279 sit
1058 1239 1077 1292 ;
1123 1213 1368 1277 munds
1394 1213 1712 1277 haetenus
1740 1219 1819 1277 ut
1844 1235 2059 1299 neque
2087 1216 2287 1300 longa

297 1353 424 1396 nec
452 1332 666 1418 magis
695 1334 845 1397 alba
871 1333 1036 1398 velit
1067 1355 1259 1418 quam
1288 1331 1404 1396 dat
1432 1338 1667 1395 natum
1697 1331 1927 1397 videri.

299 1445 462 1509 haec
491 1444 608 1509 ubi
636 1445 980 1530 supposuit
1008 1445 1242 1510 dextro
1277 1466 1511 1529 corpus
1540 1443 1704 1507 mihi
1731 1444 2013 1523 laevum,
2417 1474 2510 1520 ης

299 1557 427 1620 Ilia
454 1565 525 1622 et
552 1557 795 1643 Egeria
823 1565 962 1635 est3
1006 1557 1094 1621 do
1121 1577 1364 1621 nomen
1396 1555 1736 1642 quodlibet
1763 1554 1880 1634 illi,

302 1692 426 1734 neo
455 1691 688 1734 vereor
716 1692 824 1749 ne,
856 1671 1012 1734 dum
1042 1671 1251 1748 futuo,
1282 1668 1386 1733 vir
1413 1689 1563 1732 rure
1594 1675 1904 1747 recurrat,

303 1782 498 1847 ianua
525 1783 888 1868 frangatur,
919 1785 1116 1847 latret
1143 1781 1346 1860 oanis,
1377 1781 1668 1867 undique
1697 1803 1938 1865 magno

305 1897 493 1980 pulsa
520 1894 753 1960 domus
784 1895 1064 2008 strepitu
1090 1900 1376 1973 resonet,
1407 1892 1733 1978 vepallida
1759 1893 1931 1957 lecto

305 2008 565 2073 desiliat
593 2008 848 2086 mulier,
879 2007 1182 2071 miseram
1213 2029 1282 2072 se
1313 2007 1573 2071 conseia
1600 2007 1861 2083 elamet,
2412 2033 2431 2066 ι
2446 2033 2508 2079 30

308 2122 603 2186 cruribus
631 2122 793 2184 haec
820 2126 1094 2198 metuat,
1127 2119 1265 2184 doti
1292 2119 1635 2203 deprensa,
1669 2122 1934 2203 egomet
1961 2116 2071 2180 mi.

308 2234 624 2299 discincta
652 2233 874 2298 tunica
900 2232 1287 2318 fugiendum
1318 2239 1421 2296 est
1448 2253 1522 2295 ao
1554 2231 1721 2315 pede
1749 2229 1951 2308 nud0,

310 2368 395 2410 ne
423 2346 672 2410 nummi
700 2352 973 2431 pereant
1001 2351 1116 2409 aut
1143 2366 1322 2430 puga
1350 2350 1465 2408 aut
1494 2343 1778 2429 denique
1806 2343 1997 2406 fama.

312 2458 626 2544 deprendi
654 2459 966 2523 miserum
996 2464 1134 2523 est:
1184 2456 1389 2521 Fabio
1417 2458 1524 2521 vel
1552 2456 1767 2521 iudice
1796 2457 2075 2521 vincam.
