3109 4817
703 173 832 237 382
1586 172 2029 238 HORATII

701 348 1010 412 caedibus
1041 354 1111 411 et
1139 347 1324 413 victu
1351 348 1542 413 foedo
1574 350 1894 414 deterruit
1924 350 2247 435 Orpheus,

700 460 915 525 dictus
947 462 1030 525 ob
1061 462 1185 525 hoc
1214 461 1418 525 lenire
1449 462 1642 547 tigris
1672 463 2066 549 rabidosque
2093 465 2335 528 leones.

701 573 916 638 dictus
948 581 1017 639 et
1045 574 1402 659 Amphion,
1435 575 1785 641 Thebanae
1816 576 2117 641 conditor
2144 577 2347 655 urbis,

700 708 857 751 saxa
885 709 1148 752 movere
1178 709 1338 751 sono
1369 688 1721 753 testudinis
1752 695 1821 753 et
1849 711 2041 774 prece
2070 690 2309 753 blanda

700 798 938 864 ducere
969 822 1097 885 quo
1126 802 1348 865 vellet.
1453 800 1580 865 fuit
1607 802 1767 867 haec
1798 802 2117 887 sapientis¹
2152 802 2503 887 quondam,

703 912 966 995 publica.
994 912 1269 998 privatis
1301 934 1663 991 secernere,
1694 936 1878 978 sacra
1905 914 2217 999 prosam,

701 1024 1056 1089 concubitu
1085 1024 1434 1110 prohibere
1463 1047 1659 1111 vago,
1690 1026 1848 1091 dare
1876 1027 2019 1091 iura
2046 1027 2320 1106 maritis,

701 1138 943 1223 oppida
969 1138 1206 1217 moliri,
1237 1140 1420 1223 leges
1448 1139 1737 1205 incidere
1766 1140 1972 1225 ligne.

648 1282 654 1290 =
700 1252 793 1315 sic
822 1252 1031 1316 honor
1059 1258 1130 1317 et
1156 1274 1397 1316 nomen
1429 1252 1671 1317 divinis
1700 1254 1964 1319 vatibus
1991 1260 2189 1340 atque

701 1364 1096 1429 carminibus
1124 1365 1331 1429 venit.
1435 1373 1588 1450 post
1615 1367 1736 1429 hos
1766 1366 2047 1451 insignis
2078 1366 2405 1431 Homerus

700 1476 1148 1563 Tyrtaeusque
1178 1498 1390 1541 mares
1419 1478 1671 1543 animos
1699 1479 1772 1541 in
1800 1478 2045 1543 Martia
2072 1480 2243 1543 bella

699 1589 999 1655 versibus
1029 1590 1322 1654 exacuit:
1369 1590 1587 1655 dictae
1618 1612 1737 1676 per
1764 1568 2051 1655 carmine.
2080 1598 2317 1669 sorteS‚

701 1709 770 1767 et
796 1703 973 1767 vitae
1003 1709 1366 1767 monstrata
1393 1703 1503 1767 via
1530 1710 1657 1782 est,
1690 1711 1760 1768 et
1785 1705 1998 1789 gratia.
2024 1726 2257 1790 regum

701 1816 934 1881 Pieriis
965 1823 1289 1901 temptata
1317 1817 1552 1896 modis,
1584 1818 1907 1903 ludusque
1940 1827 2238 1904 repertus

701 1936 771 1994 et
798 1930 1148 2015 longorum
1179 1952 1450 2014 operum
1479 1930 1651 2009 finis,
1682 1952 1767 1994 ne
1796 1932 1965 1995 forte
1994 1931 2228 2016 pudori

701 2042 789 2106 sit
817 2042 942 2106 tibi
971 2064 1159 2106 musa
1186 2042 1366 2127 lyrae
1397 2044 1623 2107 sollers
1654 2050 1725 2107 et
1752 2051 1981 2107 cantor
2007 2042 2269 2128 Apollo,

699 2162 934 2219 natura
961 2154 1151 2219 fieret
1178 2154 1504 2219 laudabile
1535 2178 1797 2219 carmen
1826 2178 1911 2219 an
1941 2162 2106 2234 arte,

701 2267 1154 2353 quaesitumst.
1257 2288 1383 2352 ego
1411 2288 1535 2332 nec
1565 2268 1854 2332 studium
1887 2268 2027 2332 sine
2056 2268 2263 2333 divite
2293 2289 2485 2345 vena,

698 2401 820 2444 nec
851 2380 1013 2444 rude
1045 2379 1202 2465 quid
1234 2378 1444 2464 possit
1470 2380 1666 2444 video
1694 2380 2063 2466 ingenium:
2108 2379 2375 2443 alterius
2410 2380 2506 2443 sic

695 2492 901 2555 altera
927 2492 1142 2576 poscit
1171 2513 1363 2576 opem
1395 2512 1502 2556 res
1532 2500 1602 2556 et
1630 2493 1928 2557 coniurat
1955 2493 2181 2557 amice.

698 2603 809 2689 qui
839 2604 1065 2668 studet
1092 2610 1385 2689 optatam
1415 2626 1613 2669 cursu
1645 2605 2031 2690 contingere
2060 2612 2325 2683 metam,

695 2717 902 2779 multa
931 2715 1083 2779 tulit
1111 2716 1397 2803 fecitque
1427 2739 1613 2801 puer,
1644 2717 1908 2783 sudavit
1936 2724 2005 2781 et
2032 2717 2204 2796 alsit,

695 2827 1016 2893 abstinuit
1043 2826 1304 2893 Venere
1335 2835 1403 2891 et
1431 2830 1587 2893 vino
1612 2855 1631 2906 ;
1680 2830 1793 2915 qui
1822 2828 2063 2913 Pythia
2090 2837 2313 2894 cantat

697 2939 966 3020 tibicen,
998 2940 1231 3005 didicit
1260 2941 1442 3026 prius
1471 2942 1909 3028 extimuitque
1936 2942 2349 3027 magistrum.

696 3078 819 3121 nec
851 3056 1011 3120 satis
1042 3063 1144 3121 est
1173 3055 1416 3119 dixisse
1449 3060 1469 3090 ‘
1490 3077 1617 3141 ego
1646 3056 1811 3119 mira
1840 3062 2143 3141 poemata
2171 3078 2429 3140 pango:

695 3175 971 3255 occupet
1001 3175 1367 3233 extremum
1398 3168 1687 3232 scabies:
1735 3168 1898 3231 mihi
1932 3175 2125 3252 turpe
2154 3167 2461 3252 relinqui,

695 3290 764 3347 et
793 3282 969 3368 quod
997 3304 1130 3345 nou
1160 3280 1364 3344 didici
1393 3302 1550 3344 sane
1578 3280 1831 3344 nescire
1862 3280 2053 3345 fateri
2072 3281 2115 3343 ’.

693 3402 770 3459 ut
797 3416 1054 3480 praeco,
1085 3393 1170 3457 ad
1200 3414 1452 3457 merces
1483 3394 1746 3457 turbam
1776 3394 1890 3478 qui
1918 3392 2100 3477 cogit
2128 3393 2465 3472 emendas,

694 3508 1144 3572 adsentatores
1173 3506 1361 3570 iubet
1389 3506 1472 3569 ad
1501 3507 1754 3570 lucrum
1782 3505 1878 3569 ire
1906 3512 2103 3590 poeta

694 3620 880 3684 dives
909 3620 1109 3705 agris,
1141 3618 1328 3683 dives
1355 3618 1589 3703 positis
1618 3618 1688 3680 in
1717 3618 1979 3681 faenore
2007 3616 2313 3680 nummis.

693 3731 750 3795 si
777 3754 935 3797 vero
966 3740 1090 3811 est,
1121 3738 1390 3795 unctum
1423 3731 1534 3816 qui
1562 3738 1741 3795 recte
1771 3750 2013 3815 ponere
2042 3729 2272 3814 possit,

695 3850 764 3907 et
791 3844 1114 3928 spondere
1143 3844 1276 3907 levi
1305 3866 1423 3927 pro
1453 3864 1739 3928 paupere
1770 3849 1841 3907 et
1868 3842 2117 3927 eripere
2147 3841 2307 3906 atris

692 3956 920 4019 litibus
948 3956 1362 4042 implicitum,
1394 3954 1681 4019 mirabor
1711 3956 1766 4019 si
1798 3954 1962 4019 sciet
1989 3954 2160 4017 inter

2828 720 2921 768 395

2812 1846 2917 1896 405

2810 3536 2911 3585 4²0
