3109 4817
566 273 689 337 278
1446 272 1890 338 HORATII

563 447 634 511 ni
663 449 754 511 sic
784 448 1113 526 fecissent,
1146 447 1582 532 gladiatorum
1613 448 1768 511 dare
1799 457 2064 512 centum

565 560 854 624 damnati
883 562 1125 645 populo
1156 560 1336 644 paria
1363 569 1563 646 atque
1595 563 1859 646 epulum
1890 562 2159 625 arbitrio
2189 563 2365 642 Arri,

566 673 875 736 frumenti
906 681 1221 758 quantum
1254 672 1445 738 metit
1470 673 1716 738 Africa.
1827 679 1848 708 ‘
1867 675 2006 738 sive
2037 698 2164 760 ego
2193 698 2418 760 prave,

566 809 683 849 seu
710 793 887 849 recte
915 787 1041 850 hoc
1068 787 1269 865 volui,
1298 809 1384 850 ne
1414 787 1503 850 sis
1532 792 1804 871 patruus
1832 788 2026 851 mihi'
2050 815 2064 851 :
2112 788 2306 853 credo

566 898 689 961 hoc
725 897 982 963 Staberi
1009 898 1401 983 prudentem
1430 899 1720 962 animum
1748 899 2015 964 vidisse.
2123 905 2142 935 ‘
2161 900 2318 986 quid
2347 923 2506 987 ergo

568 1010 795 1089 sensit,
826 1032 975 1074 cum
1006 1033 1325 1074 summam
1356 1011 1708 1096 patrimoni
1736 1011 2102 1097 insculpere
2133 1035 2290 1078 saxo

568 1123 842 1187 heredes
871 1123 1081 1187 voluit
1102 1124 1166 1186 ?'
1223 1124 1436 1208 quoad
1465 1123 1657 1202 vixit,
1686 1125 1967 1189 credidit
1993 1125 2233 1212 ingens

568 1237 945 1322 pauperiem
972 1236 1209 1300 vitium
1240 1243 1310 1301 et
1338 1237 1515 1302 cavit
1540 1238 1706 1302 nihil
1734 1238 1968 1318 acrius,
2001 1245 2097 1317 ut,
2128 1241 2185 1303 si

568 1350 735 1413 forte
766 1350 980 1414 minus
1009 1349 1297 1434 locuples
1326 1372 1457 1413 uno
1491 1351 1849 1435 quadrante
1873 1351 2179 1436 perisset,

569 1463 710 1547 ipse
741 1463 1075 1527 videretur
1104 1463 1231 1526 sibi
1258 1463 1554 1548 nequior.
1661 1463 1871 1528 omnis
1902 1463 2076 1528 enim
2104 1487 2233 1543 ree,

568 1578 801 1655 virtus,
834 1577 1024 1655 fama,
1056 1577 1278 1656 decue,
1309 1577 1533 1640 divina
1562 1578 1975 1662 humanaque
2005 1579 2291 1662 pulchris

568 1689 816 1753 divitiis
846 1697 1117 1773 parent3
1166 1711 1325 1774 quas
1356 1690 1467 1774 qui
1496 1689 1954 1768 construxerit,
1983 1690 2094 1752 ille

570 1802 780 1866 clarus
812 1801 957 1880 erit,
988 1801 1196 1879 fortis,
1226 1801 1460 1866 iustus.
1567 1807 1586 1835 ‘
1605 1802 1948 1886 sapiensne
1968 1803 2028 1866 ‘r'’
2075 1802 2294 1874 etiam,
2327 1810 2396 1867 et
2423 1826 2538 1866 rex

572 1923 642 1980 et
672 1915 986 1999 quidquid
1016 1915 1216 1979 volet.
1320 1915 1466 1993 hoc,
1498 1915 1706 1979 veluti
1735 1915 1980 1979 virtute
2011 1924 2331 2000 paratum,
2455 1913 2458 1916 ’

574 2026 862 2112 speravit
891 2049 1171 2111 magnae
1198 2027 1377 2090 laudi
1405 2028 1566 2091 fore.
1673 2028 1830 2112 quid
1861 2027 2071 2091 simile
2099 2027 2213 2092 isti

574 2141 858 2204 Graecus
888 2141 1317 2225 Aristippus?
1368 2141 1479 2225 qui
1508 2163 1733 2204 servos
1763 2141 2057 2224 proicere
2087 2163 2316 2204 aurum

572 2253 641 2314 in
670 2253 886 2316 media
913 2252 1104 2316 iussit
1134 2253 1366 2336 Libya,
1401 2253 1551 2337 quia
1581 2253 1830 2316 tardius
1859 2253 2034 2317 irent

574 2373 842 2450 propter
872 2387 1034 2428 onus
1064 2387 1325 2450 segneS.
1415 2372 1564 2428 uter
1592 2373 1696 2429 est
1723 2365 2011 2428 insanior
2039 2366 2320 2429 horum?

572 2481 667 2542 nil
696 2479 837 2564 agit
868 2479 1263 2562 exemplum,
1294 2478 1479 2542 litem
1510 2477 1687 2563 quod
1717 2477 1832 2541 lite
1863 2478 2154 2542 resolvit.

574 2593 776 2676 siquis
808 2599 983 2654 emat
1010 2591 1313 2668 citharas,
1347 2598 1600 2676 emptas
1633 2597 2001 2674 comportet
2027 2590 2096 2653 in
2129 2613 2351 2669 unum,

574 2726 695 2768 nec
725 2704 941 2767 studio
972 2704 1257 2767 citharae
1286 2725 1409 2768 nec
1437 2725 1662 2768 musae
1692 2703 1953 2768 deditus
1985 2703 2120 2781 ulli,

576 2817 633 2880 si
663 2817 913 2900 scalpra
942 2823 1011 2880 et
1041 2816 1277 2880 formas
1308 2839 1441 2880 non
1473 2825 1678 2896 sutor,
1709 2817 1971 2881 nautica
1997 2817 2144 2880 vela

573 2952 840 2994 aversus
869 2929 1270 3007 mercaturis,
1301 2930 1543 2993 delirus
1576 2936 1644 2994 et
1673 2953 1897 2993 amens

576 3043 864 3127 undique
894 3042 1149 3106 dicatur
1176 3043 1431 3106 merito,
1539 3043 1650 3127 qui
1682 3043 2010 3126 discrepat
2037 3042 2204 3119 istis,

581 3156 689 3240 qui
720 3177 1020 3219 nummos
1050 3177 1407 3239 aurumque
1438 3154 1759 3230 recondit,
1791 3155 2049 3219 nescius
2079 3154 2178 3217 uti

579 3269 955 3353 compositis
984 3275 1414 3353 metuensque
1444 3268 1630 3333 velut
1661 3269 2044 3354 contingere
2076 3289 2327 3332 sacrum
2352 3269 2379 3330 ἲ

580 3383 783 3467 siquis
812 3382 897 3445 ad
924 3381 1264 3466 ingentem
1295 3381 1607 3445 frumenti
1639 3403 1896 3465 semper
1923 3403 2228 3444 acervum

579 3501 915 3582 porrectus
944 3495 1179 3579 vigilet
1208 3517 1355 3558 cum
1384 3495 1585 3579 longo
1615 3495 1811 3572 fuste,
1850 3517 2063 3579 neque
2092 3493 2270 3556 illinc

578 3609 816 3672 audeat
845 3608 1135 3670 esuriens
1165 3606 1467 3671 dominus
1498 3608 1880 3691 contingere
1911 3627 2210 3692 granum,

577 3745 652 3784 ac
680 3721 899 3806 potius
931 3718 1098 3782 foliis
1129 3741 1361 3803 parcus
1390 3726 1696 3783 vescatur
1723 3719 1957 3782 amaris
1978 3744 1997 3795 3

580 3836 635 3898 si
664 3834 894 3919 positis
924 3833 1102 3895 intus
1138 3831 1281 3896 Chii
1312 3830 1686 3916 veterisque
1720 3831 1979 3894 Falerni

580 3947 755 4010 mille
785 3947 984 4023 cadis,
1016 3945 1179 4007 nihil
1209 3951 1331 4023 est,
1364 3952 1729 4008 tercentum
1759 3944 2046 4022 milibus,
2077 3965 2224 4007 acre

579 4067 766 4144 potet
793 4065 1049 4122 acetum
1071 4083 1089 4133 ;
1136 4079 1284 4142 age,
1316 4057 1372 4120 si
1402 4063 1470 4120 et
1499 4056 1877 4121 stramentis
1905 4055 2174 4119 incubet
2203 4054 2376 4118 unde

2713 1043 2781 1092 90

2714 1609 2780 1657 95

2687 2171 2784 2204 100

2690 2731 2786 2780 105

2693 3295 2790 3330 110
