3109 4817
955 178 1719 291 EPISTULARUM
1788 226 1863 289 11
1936 229 1965 290 1
2482 230 2607 295 355

397 399 808 485 conpositum
835 400 1206 484 inlepideve
1235 407 1525 485 putetur,
1555 402 1673 465 sed
1704 401 1857 486 quia
1883 424 2137 487 nuper3

395 534 518 577 666
544 512 806 577 veniam
835 512 1144 599 antiquie,
1173 514 1292 578 sed
1318 514 1635 578 honorem
1665 521 1734 577 et
1761 514 2049 599 praemia
2076 516 2277 601 posci.

392 631 570 690 recte
597 647 805 690 necne
834 648 1094 690 crocum
1123 626 1444 713 floresque
1474 628 1884 712 perambulet
1912 628 2116 693 Attae

390 738 609 802 fabula
636 739 692 803 si
722 734 1041 819 dubitemj
1073 741 1357 805 clament
1382 740 1655 825 periisse
1684 739 2000 825 pudorem
2534 760 2601 807 80

391 851 610 915 cuncti
638 873 847 937 paene
877 860 1120 937 patr-est,
1152 875 1229 917 ea
1257 875 1406 917 cum
1436 852 1916 937 reprehendere
1946 873 2143 918 coner

389 986 554 1051 quae
582 966 806 1051 gravis
835 967 1160 1051 AesopuS,
1195 989 1360 1053 quae
1390 967 1625 1031 doctus
1654 964 1930 1030 Roscius
1960 968 2101 1051 egit
2122 992 2143 1043 3

385 1079 492 1142 vel
523 1079 676 1164 quia
701 1078 798 1142 nil
824 1085 1098 1158 rectum,
1130 1079 1259 1143 6161
1289 1080 1464 1165 quod
1493 1080 1739 1164 placuit
1766 1078 1916 1157 sibi,
1948 1078 2218 1158 ducunt,

383 1192 492 1256 vel
520 1192 674 1277 quia
701 1199 893 1277 turpe
923 1199 1163 1277 putant
1189 1214 1418 1277 parere
1447 1192 1830 1269 16160111166,
1862 1197 1931 1255 et
1961 1214 2127 1278 quae

383 1304 642 1369 inberbi
670 1304 980 1384 didicere,
1011 1327 1202 1369 senes
1231 1305 1566 1391 pendenda
1594 1303 1805 1369 fateri.
2528 1322 2591 1384 85

381 1416 512 1481 1616
539 1418 769 1483 saliare
798 1417 1055 1483 Numae
1084 1439 1345 1482 carmen
1375 1418 1488 1502 qui
1516 1418 1761 1495 laudat,
1792 1424 1862 1483 et
1888 1415 2071 1494 illud,

383 1531 558 1616 quod
586 1552 843 1595 mecum
867 1531 1154 1615 ignorat,
1186 1531 1361 1595 60166
1389 1530 1535 1595 vult
1565 1529 1729 1594 scire
1758 1528 1989 1605 videri,

380 1643 664 1729 ingeniis
693 1664 826 1707 non
853 1642 964 1707 ille
993 1642 1175 1707 favet
1199 1642 1585 1727 plauditque
1614 1639 1911 1726 sepultis,

378 1762 602 1822 nostra
631 1756 746 1821 sed
774 1756 1122 1841 inpugnat,
1152 1776 1272 1819 nos
1301 1761 1655 1840 nostraque
1681 1751 1923 1816 lividus
1958 1751 2119 1816 odit.

379 1870 613 1956 quodsi
642 1877 779 1934 tam
809 1868 1072 1933 Graecis
1101 1869 1359 1933 novitas
1387 1868 1603 1932 invisa
1629 1866 1861 1931 fuisset
2520 1898 2589 1947 90

379 2005 574 2069 quam
606 1982 821 2061 nobie,
855 1981 1012 2068 quid
1042 2004 1216 2045 nunc
1246 1988 1422 2045 esset
1448 1980 1696 2044 vetus?
1742 1984 1859 2042 aut
1890 1978 2045 2063 quid
2074 1979 2349 2043 haberet

378 2097 554 2183 quod
581 2096 836 2181 legeret
861 2100 1235 2179 tereretque
1262 2093 1511 2157 viritim
1540 2091 1840 2177 publicus
1872 2112 2028 2155 usus
2052 2092 2079 2155 ‘1'

373 2217 452 2274 ut
477 2208 761 2295 primum
791 2207 1023 2293 positis
1051 2207 1288 2292 nugari
1319 2206 1589 2271 Graecia
1619 2204 1804 2268 bellis

375 2322 595 2408 coepit
623 2329 693 2387 et
717 2322 789 2386 in
816 2321 1053 2386 vitium
1083 2320 1346 2383 fortuna
1371 2318 1579 2383 labier
1606 2338 1834 2402 aequa,

369 2458 544 2501 nunc
574 2435 966 2500 athletarum
995 2432 1254 2511 studiiS,
1285 2454 1458 2496 1111116
1487 2430 1649 2495 arsit
1678 2450 2017 2515 equorum,
2513 2462 2579 2512 95

369 2548 708 2626 marmoris
737 2555 852 2611 aut
879 2546 1094 2614 eboris
1123 2546 1340 2609 fabros
1369 2552 1486 2629 661,
1511 2543 1679 2608 aeris
1708 2542 1977 2620 amavit,

361 2636 714 2748 *suspendit
739 2660 934 2746 pictff
943 2650 1201 2724 vElt-um
1229 2643 1647 2743 mentemque
1678 2650 1963 2733 tabellas

366 2764 540 2840 nunc
569 2772 968 2851 tibicinibus,
997 2794 1173 2837 nunc
1203 2778 1308 2837 est
1325 2771 1554 2857 gavisa
1584 2768 1954 2855 tragoedis3

367 2890 489 2954 sub
519 2887 772 2953 nutrice
802 2886 1019 2972 puella
1043 2885 1230 2950 velut
1257 2885 1312 2949 61
1341 2884 1599 2948 luderet
1623 2882 1860 2960 infans,

367 3000 542 3086 quod
571 2998 806 3086 cupide
836 2998 1050 3083 petiit,
1080 3004 1334 3063 mature
1363 2998 1556 3081 plena
1584 2994 1871 3080 reliquit.
2483 3026 2583 3059 ιοο

370 3114 526 3201 quid
555 3114 772 3200 placet
798 3118 916 3175 aut
943 3110 1093 3176 odio
1123 3116 1247 3189 est,
1280 3108 1455 3195 quod
1483 3129 1617 3172 606
1651 3106 1965 3170 mutabile
1996 3105 2272 3169 credas?

365 3227 490 3292 hoc
516 3248 712 3314 paces
739 3226 1025 3289 habuere
1053 3224 1263 3287 bonae
1293 3220 1607 3305 ventique
1637 3216 1929 3283 secundi.

365 3314 614 3405 Romae
642 3338 832 3403 <11:100
859 3336 978 3401 diu
1003 3334 1130 3399 fuit
1154 3342 1224 3398 et
1251 3334 1563 3397 gone-mne
1591 3330 1843 3395 reclusa

363 3474 556 3517 mane
584 3452 782 3517 domo
808 3449 1107 3535 vigilare,
1137 3444 1360 3510 clienti
1388 3465 1687 3529 promere
1712 3441 1878 3518 iura,

359 3572 582 3631 6661506
609 3564 984 3629 nominibus
1011 3560 1207 3626 rectis
1237 3558 1607 3643 expendere
1636 3574 1959 3631 66161606,
2477 3584 2538 3621 ιο
2544 3586 2571 3634 5

361 3678 637 3743 maiores
667 3677 914 3755 audire,
944 3673 1182 3738 minori
1210 3672 1448 3749 dicere,
1481 3690 1600 3754 per
1630 3688 1797 3753 quae

361 3812 648 3857 crescere
676 3812 783 3854 res
812 3794 1058 3875 posset,
1088 3785 1293 3849 minui
1315 3783 1627 3847 damnosa
1654 3779 1879 3845 libido.

363 3904 642 3969 mutavit
668 3909 958 3967 mentem
990 3900 1269 3986 populus
1302 3895 1466 3961 levis
1497 3900 1566 3959 et
1593 3894 1763 3958 calet
1790 3914 1921 3955 660

369 4016 695 4081 scribendi
725 4015 981 4092 studi03
1027 4012 1214 4099 pueri
1243 4015 1589 4097 patresque
1620 4006 1833 4071 severi
