3109 4817
979 212 1397 278 EPODON
1467 213 1568 291 11,
1623 215 1721 278 12.
2310 216 2434 281 209

1321 1829 1459 1891 XII

633 2069 801 2134 UID
832 2071 952 2135 tibi
979 2071 1104 2150 vis,
1136 2070 1367 2133 muh'er
1393 2067 1603 2153 nigris
1633 2068 2018 2154 dignissima
2046 2072 2302 2139 barris?

675 2205 944 2247 munera
975 2183 1130 2269 quid
1159 2181 1341 2260 mihi,
1375 2181 1616 2267 quidve
1649 2182 1917 2245 tabellas

443 2295 649 2360 mittis
677 2317 799 2360 nec
827 2296 1012 2359 firmo
1041 2295 1263 2360 iuveni
1291 2315 1503 2379 neque
1532 2293 1708 2357 naris
1738 2295 1970 2360 obesae
1996 2297 2024 2360 ἲ

444 2428 723 2492 namque
753 2409 1049 2493 sagacius
1079 2429 1247 2471 unus
1278 2406 1532 2484 odoror,

442 2519 718 2605 polypus
747 2542 831 2583 an
860 2520 1080 2605 gravis
1109 2520 1376 2584 hirsutis
1406 2520 1603 2583 cubet
1631 2520 1848 2585 hircus
1876 2523 1945 2584 in
1974 2523 2114 2601 alis,
2410 2554 2435 2602 ς

447 2653 638 2716 quam
667 2633 845 2697 canis
874 2655 1042 2712 acer,
1074 2632 1189 2696 ubi
1216 2633 1419 2695 lateat
1446 2653 1577 2695 sue.

446 2745 555 2830 qui
584 2745 783 2810 sudor
810 2746 1003 2810 vietis
1034 2753 1103 2810 et
1134 2767 1325 2833 quam
1354 2745 1562 2808 malus
1592 2745 1878 2831 undique
1905 2749 2216 2814 membris

445 2859 679 2923 crescit
708 2858 888 2937 odor,
919 2880 1069 2922 cum
1098 2879 1267 2943 pene
1298 2857 1511 2920 soluto

444 2970 827 3035 indomitam
856 2978 1164 3056 properat
1191 2971 1438 3034 rabiem
1467 2969 1716 3049 sedare,
1748 2993 1959 3056 neque
1988 2973 2083 3036 illi

443 3083 573 3146 iam
600 3090 826 3147 manet·
852 3083 1071 3146 umida
1098 3088 1278 3146 creta
1305 3082 1608 3167 colorque
2377 3117 2438 3151 ιο

446 3202 728 3260 stercore
758 3196 1010 3259 fucatus
1039 3194 1363 3272 crocodili,
1392 3194 1653 3278 iamque
1681 3194 1974 3258 subando

447 3314 631 3372 tenta
660 3308 896 3373 cubilia
926 3315 1226 3393 tectaque
1261 3306 1547 3391 rumpit3

444 3421 548 3483 vel
577 3442 724 3483 mea
750 3442 898 3484 cum
928 3421 1139 3484 saevis
1168 3419 1379 3504 agitat
1405 3417 1667 3481 fastidia
1697 3417 1915 3483 verbis
1943 3445 1957 3482 ε

448 3537 466 3565 ‘
490 3532 755 3596 Inachia
779 3534 1051 3618 langues
1079 3533 1292 3595 minus
1320 3554 1395 3596 ao
1424 3552 1528 3595 me
1552 3554 1571 3604 3

448 3645 777 3710 Inachiam
810 3653 920 3710 ter.
938 3653 1131 3710 nocte
1161 3651 1370 3730 potes,
1401 3644 1561 3706 mihi
1590 3663 1847 3726 semper
1875 3642 1957 3705 ad
1987 3664 2189 3706 unum
2376 3675 2392 3707 ι
2407 3674 2433 3722 5

448 3759 657 3822 mollis
689 3780 871 3843 opus.
975 3765 1199 3843 pereat
1225 3758 1392 3820 male
1424 3776 1589 3841 quae
1619 3762 1686 3819 be

453 3869 688 3934 Lesbia
718 3872 1055 3956 quaerenti
1084 3878 1339 3934 taurum
1369 3867 1758 3933 monstravit
1786 3866 2085 3944 inertem,

451 4003 595 4045 oum
623 3983 785 4046 mihi
820 3983 989 4048 Cous
1018 3983 1278 4047 adesset
1305 3982 1651 4065 Amyntas,

1317 4114 1351 4156 P
