3109 4817
1122 229 1722 297 SERMONUM
1784 232 1820 294 1
1891 233 1970 295 10
2506 236 2629 300 265

415 408 655 472 vilibus
682 408 752 472 in
779 408 952 473 ludis
982 408 1214 472 dictari
1242 407 1528 470 carmina
1554 408 1792 473 malis?
2491 477 2497 487 ,
2557 440 2621 488 75

415 541 547 584 non
580 542 737 606 ego:
784 544 937 584 nam
968 521 1126 585 satis
1156 526 1260 584 est
1288 520 1578 606 equitem
1607 520 1769 583 mihi
1797 521 2129 604 plaudere,
2163 529 2238 585 ut
2266 522 2479 585 audax

415 632 808 718 contemptis
838 633 981 697 aliis
1011 634 1278 717 explosa
1305 633 1676 697 Arbuscula
1697 632 1888 697 dixit.

416 767 569 809 men
597 753 859 811 moveat
889 746 1100 810 cimex
1131 745 1472 823 Pantilius,
1504 752 1620 809 aut
1648 746 1893 810 cruciet
1923 747 2097 832 quod

413 859 674 923 vellicet
701 860 1042 923 absentem
1073 858 1467 936 Demetrius,
1498 864 1614 922 aut
1644 858 1818 943 quod
1846 857 2111 943 ineptus

416 971 702 1036 Fannius
732 972 1173 1057 Hermogenis
1201 972 1418 1035 laedat
1446 971 1724 1035 conviva
1751 971 2035 1055 Tigelli?
2558 990 2622 1037 80

418 1083 671 1149 Plotius
700 1091 770 1149 et
796 1084 1060 1163 Varius,
1092 1085 1441 1148 Maecenas
1470 1083 1959 1169 Vergiliusque,

410 1193 687 1280 Valgius
719 1204 787 1260 et
814 1198 1049 1281 probet
1076 1197 1236 1261 haec
1267 1195 1581 1261 Octavius
1612 1195 1896 1280 optimus
1925 1202 2122 1282 atque

414 1307 685 1386 Fuscus,
719 1316 787 1373 et
814 1309 975 1373 haec
1005 1310 1252 1374 utinam
1281 1309 1630 1374 Viscorum
1655 1308 1887 1372 laudet
1916 1316 2211 1394 uterque.

410 1421 766 1485 ambitione
795 1423 1087 1507 relegata
1119 1430 1189 1487 te
1223 1423 1440 1486 dicere
1470 1444 1761 1507 possum,

411 1532 640 1612 Pollio,
673 1540 763 1613 te,
795 1535 1100 1613 Messala,
1132 1542 1247 1599 tuo
1277 1557 1426 1599 cum
1455 1535 1678 1612 fratre,
1706 1533 2027 1617 simulque
2553 1551 2615 1612 85

408 1667 553 1723 vos,
584 1647 818 1712 Bibule
849 1654 918 1710 et
952 1647 1160 1726 Servi,
1193 1647 1385 1711 simul
1413 1647 1517 1711 his
1548 1653 1638 1725 te,
1671 1646 1944 1710 candide
1978 1646 2202 1724 Furni,

411 1760 775 1843 complures
805 1760 987 1838 ahoe,
1018 1759 1248 1823 doctos
1280 1780 1406 1844 ego
1438 1781 1603 1845 quos
1634 1765 1703 1821 et
1731 1758 1972 1822 amicos

410 1872 696 1954 prudens
727 1880 1063 1956 praetereo
1090 1897 1104 1935 ε
1154 1872 1392 1958 quibus
1420 1871 1604 1949 haec,
1637 1877 1793 1935 sunt
1824 1871 2335 1958 qualiacumque,
2466 1932 2472 1943 ,

407 1983 694 2048 arridere
722 1986 943 2065 velim,
975 1984 1320 2062 doliturus,
1353 1985 1409 2048 si
1437 1986 1739 2068 placeant
1769 2007 1885 2069 spe

406 2096 695 2163 deterius
721 2106 966 2163 nostra.
1071 2098 1386 2177 Demetri,
1419 2105 1637 2184 teque,
1669 2098 1926 2182 Tigelli,
2545 2126 2611 2174 90

407 2209 870 2295 discipularum
899 2211 1075 2276 inter
1103 2212 1296 2275 iubeo
1328 2211 1583 2296 plorare
1614 2210 1977 2274 cathedras.

405 2323 432 2384 i
464 2344 625 2406 puer
651 2330 847 2409 atque
876 2345 1022 2387 meo
1052 2323 1219 2387 citus
1248 2323 1410 2387 haec
1440 2322 1775 2387 subscribe
1806 2322 2047 2387 libello.
