3109 4817
627 165 750 230 174

1482 162 1947 227 HORATII

1016 338 1292 401 dicenda
1320 337 1523 400 musis
1554 337 1837 421 proelia:
1882 359 2013 401 non
2047 338 2231 402 ferox

1017 450 1268 515 Hector
1297 451 1402 514 vel
1433 473 1582 513 acer
1612 450 1995 534 Deiphobus
2026 451 2249 536 gravis

1017 563 1276 648 excepit
1303 563 1472 627 ictus
1502 584 1621 648 pro
1651 563 1905 647 pudicis

1014 665 1403 762 coniugibus
1435 675 1783 761 puerisque
1814 676 2083 760 primuS.

1013 790 1238 853 vixere
1268 791 1468 853 fortes
1499 796 1653 852 ante
1684 790 2185 874 Agamemnona

1012 903 1202 967 multi
1227 928 1245 979 3
1292 902 1408 966 sed
1440 922 1667 966 omnes
1696 901 2197 966 inlacrimabiles

1011 1023 1332 1101 urgentur
1357 1015 1701 1100 ignotique
1732 1015 1931 1100 longa

1010 1135 1226 1206 nocte,
1259 1136 1486 1192 carent
1516 1130 1668 1213 quia
1696 1135 1851 1192 vate
1881 1150 2085 1192 sacro,

1011 1242 1273 1326 paulum
1305 1241 1599 1325 sepultae
1630 1241 1833 1306 distat
1859 1240 2133 1305 inertiae

1009 1355 1217 1418 celata
1243 1354 1475 1418 virtus,
1580 1375 1713 1417 non
1746 1375 1872 1438 ego
1904 1363 1970 1419 te
2000 1354 2163 1418 meis

1009 1467 1250 1531 chartis
1280 1468 1653 1531 inornatum
1685 1467 1911 1545 sileb0,

1009 1587 1193 1644 totve
1224 1587 1373 1643 tuos
1403 1580 1616 1664 patiar
1645 1579 1900 1642 labores

1005 1694 1294 1778 impune,
1329 1693 1515 1771 Lolli,
1549 1713 1813 1776 carpere
1844 1691 2077 1755 lividas

1006 1806 1386 1870 obliviones.
1492 1812 1596 1869 est
1623 1805 1877 1868 animus
1907 1804 2030 1869 tibi

1003 1941 1349 2004 rerumque
1379 1918 1667 2003 prudens
1699 1924 1768 1980 et
1796 1916 2099 1981 secundis

1003 2032 1406 2116 temporibus
1435 2030 1784 2115 dubiisque
1815 2037 2055 2108 rectus,

1001 2121 1246 2209 uindex
1275 2165 1508 2207 avarae
1538 2143 1785 2207 fraudis
1816 2150 1885 2207 et
1913 2141 2251 2206 abstinens

1000 2257 1299 2322 ducentis
1328 2256 1411 2319 ad
1443 2279 1511 2320 se
1543 2265 1778 2320 cuncta
1806 2255 2141 2340 pecuniae,

998 2371 1352 2455 consulque
1381 2390 1514 2432 non
1547 2369 1739 2432 unius
1769 2369 1923 2432 anni
1950 2394 1967 2444 3

999 2483 1117 2547 sed
1150 2483 1450 2567 quotiens
1482 2482 1694 2545 bonus
1724 2489 1922 2566 atque
1951 2481 2121 2544 fidus

994 2595 1191 2659 iudex
1221 2596 1569 2658 honestum
1600 2595 1909 2680 praetulit
1938 2594 2105 2672 utili,

998 2707 1224 2771 reiecit
1252 2707 1385 2770 alto
1416 2707 1589 2770 dona
1616 2707 1992 2770 nocentium

995 2821 1205 2898 vultu,
1238 2842 1354 2904 per
1386 2820 1709 2884 obstantis
1740 2827 2036 2883 catervas

996 2931 1310 3017 explicuit
1339 2955 1455 2995 sua
1485 2932 1698 2996 victor
1726 2954 1925 2996 arma.

990 3067 1125 3109 non
1155 3044 1599 3129 possidentem
1630 3045 1837 3108 multa
1863 3045 2199 3110 vocaveris

991 3164 1168 3222 recte
1199 3158 1464 3221 beatum
1488 3183 1506 3234 ;
1551 3158 1794 3221 rectius
1826 3166 2100 3243 occupat

990 3292 1230 3335 nomen
1261 3271 1459 3350 beati,
1493 3271 1605 3356 qui
1634 3271 1904 3334 deorum

991 3383 1369 3447 muneribus
1399 3383 1730 3467 sapienter
1757 3382 1855 3446 uti

990 3496 1349 3580 duramque
1379 3497 1572 3560 callet
1600 3496 1973 3580 pauperiem
2004 3498 2141 3581 pati

988 3609 1302 3693 peiusque
1332 3610 1464 3673 leto
1495 3608 1819 3694 flagitium
1850 3608 2061 3688 timet,

989 3742 1121 3784 non
1150 3721 1259 3784 ille
1289 3743 1407 3805 pro
1439 3721 1605 3786 caris
1633 3721 1857 3786 amicis

988 3840 1104 3897 aut
1131 3833 1342 3917 patria
1370 3833 1639 3898 timidus
1670 3834 1903 3918 perire,

2763 1387 2828 1433 30

2756 1949 2817 1996 35

2738 3078 2803 3124 45

2741 3643 2803 3690 50
