3109 4817
926 248 1338 314 EPODON
1408 250 1508 327 16,
1562 251 1636 314 17

674 1652 814 1716 AM
845 1651 977 1714 iam
1009 1651 1250 1715 efficaci
1279 1651 1365 1714 do
1394 1673 1628 1716 manus
1657 1652 1988 1732 scientiae,

721 1765 998 1849 supplex
1031 1771 1099 1828 et
1128 1786 1241 1827 oro
1271 1786 1477 1849 regna
1505 1787 1624 1849 per
1653 1765 2101 1851 Proserpinae,

556 1900 672 1962 per
701 1885 771 1942 et
802 1877 1049 1940 Dianae
1080 1899 1211 1940 non
1243 1878 1568 1941 movenda
1594 1879 1884 1956 numina,

554 2011 671 2075 per
698 1996 898 2075 atque
927 1989 1126 2053 libros
1157 1990 1515 2053 carminum
1546 1992 1904 2055 valent-ium

554 2103 754 2166 refixa
782 2103 961 2165 caelo
991 2101 1307 2166 devocare
1339 2102 1575 2180 sidera,

564 2214 855 2292 Canidia,
887 2236 1079 2298 parce
1109 2214 1380 2278 vocibus
1410 2215 1679 2279 tandem
1710 2214 1930 2294 sacris,

554 2327 883 2411 citumque
915 2332 1090 2389 retro
1121 2326 1325 2404 solve,
1358 2327 1539 2391 solve
1570 2326 1922 2391 turbinem.

553 2440 761 2505 movit
788 2447 1095 2525 nepotem
1126 2439 1450 2524 Telephus
1481 2439 1544 2503 N
1549 2441 1817 2518 ereium,
1950 2429 1958 2437 ’

552 2553 621 2617 in
653 2575 847 2638 quem
879 2553 1199 2637 superbus
1231 2552 1563 2618 ordinarat
1591 2554 1857 2638 agmina

557 2666 898 2750 Mysorum
928 2672 997 2728 et
1024 2665 1093 2728 in
1125 2686 1318 2750 quem
1349 2666 1480 2729 tela
1508 2674 1702 2730 acuta
1730 2673 2029 2734 torserat.

555 2800 801 2842 unxere
831 2786 1074 2841 matres
1104 2777 1265 2841 Iliae
1295 2778 1631 2842 addictum
1662 2779 1816 2843 feris

556 2891 820 2954 alitibus
850 2897 1046 2975 atque
1077 2891 1347 2953 canibus
1376 2890 1768 2955 homicidam
1799 2890 2178 2969 Hectorem,

558 3011 903 3089 postquam
935 3002 1179 3066 relictis
1209 3002 1551 3066 moenibus
1581 3025 1698 3067 rex
1728 3003 2008 3088 procidit

558 3116 687 3179 heu
716 3115 1070 3200 pervicacis
1099 3114 1183 3177 ad
1213 3114 1414 3198 pedes
1443 3113 1743 3179 Achillei.

559 3238 811 3293 saetosa
839 3227 1019 3291 duris
1050 3248 1287 3291 exuere
1318 3228 1596 3311 pellibus

560 3340 862 3404 laboriosi
891 3340 1175 3424 remiges
1206 3338 1427 3403 Ulixei

562 3455 821 3518 volente
855 3452 1042 3518 Circa
1070 3454 1395 3516 membra:
1446 3461 1601 3517 tunc
1631 3475 1816 3517 mens
1847 3461 1915 3517 et
1943 3476 2139 3518 sonus

560 3567 851 3650 relapsus
878 3573 1078 3650 atque
1105 3573 1301 3629 notus
1330 3566 1398 3628 in
1430 3567 1652 3630 vultus
1681 3566 1909 3630 honor.

561 3678 713 3742 dedi
743 3679 901 3742 satis
933 3700 1255 3762 superque
1285 3700 1640 3762 poenarum
1672 3679 1814 3757 tibi,

563 3798 777 3853 amata
803 3790 1021 3853 nautis
1049 3791 1325 3853 multum
1357 3798 1425 3854 et
1451 3790 1883 3854 institoribus.

564 3903 736 3987 fugit
763 3902 1086 3980 iuventae,
1118 3910 1187 3966 et
1214 3903 1621 3966 verecundus
1650 3903 1825 3967 color

566 4014 829 4098 reliquit
856 4036 1003 4079 ossa
1030 4015 1197 4099 pelle
1227 4013 1464 4078 amicta
1491 4014 1738 4090 lurida3

2327 203 2452 316 219

2405 2695 2467 2729 10

2404 3258 2462 3305 ¹5
