3109 4817
944 245 1073 307 DE
1139 245 1409 307 ARTE
1478 243 1950 309 POETICA.

322 442 405 482 ex
434 425 593 484 noto
622 420 847 483 fictum
877 441 1137 484 carmen
1168 443 1425 506 sequar,
1462 428 1539 484 ut
1569 419 1696 483 sibi
1727 420 1939 505 quivis

320 539 543 616 speret
568 533 769 610 idem,
802 533 997 596 sudet
1023 534 1303 597 multum
1331 534 1702 618 frustraque
1731 533 1984 596 laboret

320 667 517 709 ausus
544 645 757 709 idem:
812 652 1069 709 tantum
1098 646 1299 710 series
1326 646 1756 730 iuncturaque
1787 645 2012 730 pollet,

320 764 580 822 tantum
610 758 693 822 de
722 758 939 822 medio
970 759 1250 844 sumptis
1279 759 1533 822 accedit
1561 757 1848 822 honoris.

322 871 507 934 silvis
536 870 803 934 deducti
832 879 1130 949 caveant,
1162 894 1269 936 me
1296 873 1533 950 iudice,
1565 871 1744 934 fauni

320 1005 407 1047 ne
436 985 620 1047 velut
646 982 857 1046 innati
886 983 1098 1047 triviis
1129 1005 1203 1047 ac
1233 1006 1441 1069 paene
1470 985 1760 1047 forenses

321 1102 439 1160 aut
466 1096 740 1158 nimium
771 1096 1013 1159 teneris
1042 1096 1437 1159 iuvenentur
1464 1095 1764 1159 versibus
1795 1117 2125 1181 umquam,

320 1216 437 1272 aut
463 1208 780 1272 inmunda
808 1215 1079 1293 crepent
1106 1209 1674 1294 ignominiosaque
1703 1208 1898 1272 dicta.

322 1322 743 1386 offenduntur
774 1321 948 1384 enim
980 1321 1216 1407 quibus
1247 1329 1350 1386 est
1379 1343 1586 1407 equus
1617 1327 1686 1385 et
1714 1328 1902 1406 pater
1931 1329 2000 1385 et
2027 1343 2153 1397 reS,

321 1457 467 1513 nec,
498 1433 715 1520 siquid
746 1433 919 1498 fricti
948 1434 1175 1498 ciceris
1205 1436 1441 1519 probat
1471 1442 1540 1498 et
1568 1435 1754 1498 nucis
1786 1441 2064 1519 emptor,

320 1547 548 1634 aequis
578 1546 906 1631 accipiunt
932 1547 1165 1611 animis
1196 1547 1528 1612 donantve
1558 1569 1816 1611 corona.

322 1660 573 1744 syllaba
602 1661 801 1744 longa
830 1659 1021 1723 brevi
1050 1659 1343 1724 subiecta
1370 1667 1645 1724 vocatur
1671 1660 1950 1738 iambus,

322 1795 440 1857 pes
471 1772 679 1848 citus;
730 1771 899 1836 unde
931 1772 1129 1836 etiam
1158 1773 1473 1836 trimetris
1502 1795 1870 1837 accrescere
1899 1772 2090 1837 iussit

320 1907 566 1949 nomen
593 1885 891 1964 iambeis‚
922 1907 1071 1949 cum
1103 1907 1295 1949 senos
1324 1885 1634 1950 redderet
1660 1885 1830 1950 ictus

322 1997 575 2083 primus
604 1996 688 2061 ad
719 2004 1084 2062 extremum
1116 1998 1343 2062 similis
1374 1998 1537 2062 sibi:
1584 2020 1717 2062 non
1745 1999 1840 2062 ita
1869 1997 2144 2084 pridem,

323 2111 571 2176 tardior
598 2118 675 2174 ut
704 2111 897 2195 paulo
926 2112 1319 2197 graviorque
1348 2112 1607 2176 veniret
1634 2113 1718 2175 ad
1747 2133 1958 2189 aureS,

328 2225 657 2309 spondeos
687 2223 941 2288 stabilis
969 2224 1041 2286 in
1069 2224 1213 2286 iura
1241 2231 1515 2308 paterna
1542 2224 1792 2309 recepit

325 2336 707 2402 commodus
740 2343 809 2401 et
837 2336 1118 2421 patienS,
1147 2358 1282 2400 non
1313 2343 1388 2400 ut
1416 2336 1500 2401 de
1530 2336 1688 2400 sede
1719 2336 2004 2400 secunda

322 2450 589 2514 cederet
615 2456 733 2513 aut
762 2457 995 2536 quarta
1023 2449 1368 2515 socialiter.
1472 2451 1579 2514 hic
1611 2458 1680 2514 et
1707 2451 1778 2513 in
1805 2450 1967 2514 Acci.

322 2563 656 2627 nobilibus
686 2562 999 2627 trimetris
1029 2571 1303 2648 apparet
1331 2585 1536 2642 rarus,
1570 2571 1640 2628 et
1668 2563 1841 2627 Enni

323 2677 395 2738 in
426 2697 727 2739 scaenam
755 2675 989 2739 missos
1020 2696 1163 2738 cum
1196 2698 1439 2761 magno
1468 2676 1758 2762 pondere
1789 2699 2016 2741 versus

326 2795 440 2852 aut
470 2809 705 2873 operae
736 2788 963 2851 celeris
992 2787 1267 2852 nimium
1297 2811 1580 2876 curaque
1609 2791 1890 2854 carentis

325 2908 442 2965 aut
467 2901 809 2986 ignoratae
839 2899 1081 2984 premit
1108 2901 1267 2966 artis
1299 2903 1570 2966 crimine
1600 2903 1798 2988 turpi.

324 3035 459 3077 non
492 3012 709 3098 quivis
738 3013 927 3077 videt
954 3014 1363 3078 inmodulata
1392 3023 1695 3100 poemata
1721 3015 1943 3092 iudex,

337 3133 407 3190 et
436 3127 591 3190 data
620 3125 934 3190 Romanis
964 3125 1159 3189 venia
1189 3133 1293 3190 est
1320 3127 1596 3212 indigna
1625 3127 1859 3211 poetis.

326 3239 653 3304 idcircone
682 3261 889 3325 vager
916 3238 1326 3323 scribamque
1354 3240 1678 3304 licenter?
1724 3259 1808 3301 an
1840 3239 2048 3301 omnis

326 3354 583 3417 visuros
614 3359 884 3437 peccata
914 3359 1142 3438 putem
1170 3373 1339 3430 mea,
1371 3358 1554 3415 tutus
1586 3358 1654 3414 et
1682 3350 1857 3412 intra

328 3487 513 3551 spem
542 3465 773 3529 veniae
804 3471 1033 3528 cautus
1060 3465 1086 3528 Ρ
1133 3464 1342 3527 vitavi
1370 3463 1655 3548 denique
1686 3463 1967 3546 culpam,

328 3601 461 3643 non
489 3578 751 3642 laudem
782 3577 1011 3641 merui.
1114 3597 1232 3640 vos
1264 3575 1659 3661 exemplaria
1691 3573 1937 3638 Graeca

328 3697 651 3754 nocturna
679 3697 937 3754 versate
967 3711 1187 3768 manu,
1219 3695 1477 3753 versate
1508 3688 1762 3751 diurna.

328 3810 399 3868 at
426 3803 634 3868 vestri
664 3804 892 3887 proavi
923 3802 1259 3866 Plautinos
1291 3810 1360 3866 et
1387 3821 1692 3864 numeros
1725 3807 1794 3862 et

330 3916 681 3980 laudavere
710 3917 900 3994 sales,
932 3915 1207 3978 nimium
1237 3913 1564 3998 patienter
1593 3920 1965 3996 utrumque,

332 4051 415 4092 ne
448 4029 661 4093 dicam
694 4030 917 4106 stulte,
949 4027 1189 4106 mirati,
1221 4027 1277 4090 si
1307 4026 1499 4089 modo
1532 4047 1657 4110 ego
1690 4031 1758 4088 et
1785 4046 1904 4106 vos

2402 244 2526 307 377

2433 447 2534 495 ²40

2429 1013 2528 1061 245

2433 1575 2535 1626 ²50

2437 2141 2535 2188 255

2442 2693 2545 2740 260

2441 3825 2542 3870 270
