3109 4817
475 218 604 282 374
1353 212 1795 281 HORATII

479 397 498 425 ‘
522 392 630 456 dic
661 390 843 469 mihi,
874 412 1082 467 musa,
1115 389 1354 469 virum,
1385 398 1615 475 captae
1648 397 1801 475 post
1828 388 2087 452 moenia
2118 388 2351 451 Troiae

479 505 590 589 qui
618 526 831 567 mores
859 503 1197 565 hominum
1225 504 1581 566 multorum
1610 502 1783 567 vidit
1808 509 1877 565 et
1908 502 2161 565 urbes’.

475 638 608 680 non
637 617 886 679 fumum
917 638 1000 679 ex
1029 616 1306 701 fulgore,
1343 615 1460 680 sed
1495 638 1581 680 ex
1608 616 1789 679 fumo
1818 614 1975 678 dare
2002 615 2217 679 lucem

476 729 746 813 cogitat,
779 734 857 792 ut
885 730 1176 813 speciosa
1202 729 1440 793 dehinc
1467 728 1779 792 miracula
1804 734 2085 813 promat,

477 842 884 927 Antiphaten
920 842 1328 929 Scyllamque
1359 850 1428 906 et
1455 864 1606 905 cum
1638 842 1923 927 Cyclope
1960 840 2356 925 Charybdin.

475 978 598 1020 nec
625 956 906 1021 reditum
937 956 1271 1021 Diomedis
1299 958 1384 1019 ab
1411 957 1689 1020 interitu
1716 955 2062 1041 Meleagri,

478 1077 599 1133 ‘nec
626 1070 890 1154 gemino
919 1070 1161 1133 bellum
1192 1070 1542 1133 Troianum
1578 1069 1833 1133 orditur
1860 1070 1947 1133 ab
1978 1090 2102 1133 ovo
2130 1094 2145 1132 :

476 1204 732 1267 semper
757 1182 842 1245 ad
871 1190 1180 1246 eventum
1213 1181 1482 1246 festinat
1511 1189 1581 1246 et
1606 1182 1678 1244 in
1706 1182 1957 1245 medias
1991 1204 2097 1245 res

477 1316 609 1357 non
641 1316 828 1359 secus
859 1318 934 1359 ac
968 1302 1158 1359 notas
1187 1295 1553 1359 auditorem
1584 1296 1779 1379 rapit,
1812 1302 1883 1358 et
1916 1316 2081 1379 quae

477 1408 782 1493 desperat
809 1416 1086 1472 tractata
1111 1408 1431 1472 nitescere
1460 1428 1677 1492 posse,
1706 1407 2039 1493 relinquit,

477 1530 674 1606 atque
701 1522 797 1584 ita
823 1522 1160 1599 mentitur,
1192 1520 1285 1585 sic
1313 1522 1488 1585 veris
1517 1521 1679 1583 falsa
1706 1508 2035 1597 remiscet,

478 1634 686 1718 primo
715 1656 798 1697 ne
828 1634 1137 1712 medium,
1169 1634 1386 1698 medio
1414 1655 1498 1697 ne
1529 1634 1859 1717 discrepet
1884 1632 2110 1695 imum.

479 1754 552 1809 tu
581 1746 738 1832 quid
769 1768 894 1832 ego
925 1752 994 1810 et
1022 1748 1301 1831 populus
1327 1766 1586 1809 mecum
1614 1745 1946 1809 desideret
1972 1745 2161 1808 audi:

477 1860 534 1923 si
562 1861 834 1944 plosoris
863 1880 1023 1945 eges
1053 1860 1276 1923 aulaea
1305 1858 1633 1923 manentis
1668 1864 1739 1922 et
1770 1880 1979 1943 usque

475 1973 736 2050 sessuri,
768 1971 976 2035 donec
1003 1979 1230 2035 cantor
1259 1976 1279 2005 ‘
1302 1993 1422 2035 vos
1452 1972 1744 2056 plaudite
1761 1973 1780 2002 ’
1812 1970 2009 2049 dicat,

476 2086 709 2149 aetatis
738 2084 1050 2169 cuiusque
1079 2083 1354 2147 notandi
1384 2091 1541 2148 sunt
1569 2084 1696 2147 tibi
1722 2104 1959 2162 moreS,

477 2198 952 2283 mobilibusque
981 2198 1179 2261 decor
1206 2197 1456 2262 naturis
1485 2197 1741 2262 dandus
1770 2204 1841 2261 et
1868 2199 2077 2261 annis.

477 2311 749 2376 reddere
780 2311 892 2396 qui
921 2331 1116 2375 voces
1143 2312 1275 2373 iam
1303 2310 1429 2375 scit
1457 2332 1622 2396 puer
1650 2318 1720 2375 et
1748 2311 1915 2395 pede
1944 2318 2125 2375 certo

479 2424 700 2509 signat
727 2424 1019 2501 humum,
1050 2424 1258 2509 gestit
1284 2424 1550 2508 paribus
1580 2424 1907 2487 colludere
1937 2432 2007 2488 et
2032 2423 2197 2487 iram

479 2536 728 2621 colligit
755 2558 830 2599 ac
860 2535 1048 2620 ponit
1075 2543 1320 2600 temere
1351 2543 1421 2599 et
1447 2543 1742 2600 mutatur
1766 2537 1838 2599 in
1867 2537 2080 2600 horas.

477 2649 790 2713 inberbus
817 2648 1094 2726 iuvenis,
1127 2648 1394 2713 tandem
1423 2649 1694 2713 custode
1722 2656 1995 2727 remot0,

479 2760 726 2847 gaudet
754 2761 937 2845 equis
967 2760 1366 2846 canibusque
1396 2768 1466 2825 et
1493 2761 1697 2847 aprici
1724 2761 2021 2847 gramine
2050 2762 2282 2846 campi,

479 2895 704 2937 cereus
731 2874 802 2936 in
830 2873 1066 2938 vitium
1099 2874 1299 2952 flecti,
1329 2874 1763 2939 monitoribus
1791 2897 2003 2959 asper,

479 2985 736 3049 utilium
765 2986 989 3050 tardus
1018 2986 1338 3071 provisor,
1369 2987 1685 3073 prodigus
1712 2988 1903 3065 aeris,

481 3098 774 3163 sublimis
803 3099 1204 3185 cupidusque
1235 3106 1304 3163 et
1333 3107 1547 3163 amata
1575 3100 1942 3186 relinquere
1973 3099 2228 3184 pernix.

481 3212 810 3277 conversis
840 3212 1074 3277 studiis
1103 3220 1283 3277 aetas
1314 3212 1698 3298 animusque
1726 3212 1933 3277 virilis

484 3327 736 3411 quaerit
765 3347 921 3411 opes
951 3332 1020 3390 et
1048 3323 1388 3404 amicitias,
1418 3326 1697 3391 inservit
1724 3326 1976 3403 honori,

481 3438 877 3503 commisisse
907 3444 1098 3503 cavet
1128 3437 1302 3523 quod
1332 3459 1485 3501 mox
1515 3446 1769 3503 mutare
1799 3440 2070 3504 laboret.

478 3552 686 3615 multa
713 3574 936 3615 senem
965 3550 1485 3615 circumveniunt
1509 3550 1944 3630 incommoda,
1975 3551 2081 3616 vel
2111 3548 2285 3636 quod

479 3664 732 3749 quaerit
761 3671 829 3727 et
854 3663 1142 3728 inventis
1164 3662 1369 3727 miser
1397 3663 1687 3727 abstinet
1714 3686 1791 3728 ac
1821 3665 2011 3729 timet
2038 3663 2157 3739 uti,

478 3777 585 3840 vel
616 3776 792 3861 quod
819 3798 925 3841 res
951 3796 1181 3840 omnes
1212 3776 1443 3840 timide
1473 3776 1821 3862 gelideque
1850 3777 2197 3850 ministrat,

477 3887 734 3966 dilator,
767 3910 880 3972 spe
910 3890 1170 3974 longus,
1201 3888 1378 3952 iners
1409 3888 1771 3974 avidusque
1801 3890 2023 3967 futuri,

473 4000 768 4079 difficilis,
804 4004 1104 4086 querulus
1108 4050 1127 4081 ,
1153 3984 1455 4065 laudator
1483 4003 1796 4086 temporis
1826 4002 1955 4066 acti

2588 868 2685 915 ¹45

2586 1430 2687 1477 ¹50

2584 1997 2681 2045 ¹55

2581 2550 2684 2598 1⁶0

2587 3110 2687 3174 165

2590 3692 2691 3737 ¹70
