3109 4817
959 193 1529 260 CARMINUM
1592 194 1770 258 IIII
1836 195 1916 256 14

738 371 979 437 deiecit
1005 393 1155 436 acer
1182 371 1329 456 plus
1357 371 1501 435 vice
1532 370 1830 455 simplici.

736 485 942 548 maior
969 483 1309 550 Neronum
1338 505 1491 546 mox
1520 504 1726 568 grave
1756 481 2072 567 proelium

735 597 1061 661 commisit
1079 597 1505 682 inmanesque
1534 597 1779 660 Raetos

736 710 1043 795 auspiciis
1072 710 1325 795 pepulit
1353 709 1679 788 secundis,

735 821 1131 907 spectandus
1158 822 1229 884 in
1259 821 1613 886 certamine
1643 821 1886 885 Martio

733 935 973 1000 devota
991 936 1189 999 morti
1216 940 1481 1020 pectora
1500 934 1744 998 liberae

739 1048 1001 1134 quantis
1030 1047 1338 1134 fatigaret
1367 1047 1596 1126 ruinis,

734 1160 1085 1224 indomitas
1114 1182 1318 1245 prope
1350 1159 1558 1245 qualis
1587 1159 1796 1224 undas

736 1279 1000 1338 exercet
1026 1280 1267 1352 auster,
1298 1271 1626 1358 pleiadum
1656 1273 1854 1337 choro

734 1385 1075 1450 scindente
1103 1386 1336 1464 nubes,
1364 1385 1650 1470 impiger
1677 1385 1964 1449 hostium

734 1520 975 1563 vexare
1005 1504 1250 1562 turmas
1282 1504 1351 1563 et
1378 1499 1764 1562 frementem

734 1612 998 1676 mittere
1028 1632 1267 1697 equum
1296 1610 1547 1674 medios
1577 1631 1696 1695 per
1723 1611 1933 1694 ignes,

736 1724 829 1788 sic
858 1724 1249 1789 tauriformis
1278 1723 1568 1788 volvitur
1597 1723 1895 1802 Aufidus,

737 1837 849 1922 qui
876 1857 1083 1922 regna
1112 1837 1327 1900 Dauni
1355 1835 1659 1922 praefluit
1692 1835 1910 1920 Apuli,

735 1971 883 2014 cum
914 1950 1125 2014 saevit
1151 1949 1672 2034 horrendamque
1703 1948 1895 2012 cultis

734 2061 1046 2126 diluviem
1075 2061 1429 2126 meditatur
1456 2061 1657 2147 agris,

733 2180 811 2238 ut
836 2175 1259 2239 barbarorum
1294 2174 1600 2239 Claudius
1629 2174 1894 2259 agmina

735 2287 974 2353 ferrata
1001 2294 1190 2352 vasto
1213 2286 1415 2351 diruit
1442 2288 1696 2371 impetu

736 2401 1106 2485 primosque
1137 2407 1205 2464 et
1233 2407 1562 2464 extremos
1591 2398 1899 2464 metendo

736 2513 971 2577 sta-avit
997 2512 1290 2591 humum,
1323 2512 1462 2577 sine
1492 2513 1675 2577 clade
1703 2513 1935 2592 victor,

736 2632 803 2689 te
830 2626 1073 2711 copiae,
1107 2633 1173 2690 te
1202 2625 1541 2690 consilium
1574 2634 1643 2690 et
1674 2632 1820 2690 tuos

734 2739 1089 2822 praebente
1118 2739 1329 2803 divos.
1430 2761 1584 2801 nam
1615 2739 1738 2803 tibi
1769 2761 1898 2824 quo
1927 2741 2033 2804 die

732 2858 959 2935 portus
987 2851 1402 2916 Alexandrea
1430 2852 1707 2938 supplex

734 2969 803 3027 et
828 2985 1100 3028 vacuam
1129 2964 1440 3049 patefecit
1467 2966 1702 3044 aulam,

731 3076 991 3140 fortuna
1016 3077 1223 3141 lustro
1252 3099 1564 3162 prospera
1592 3077 1786 3142 tertio

731 3189 887 3253 belli
915 3189 1236 3254 secundos
1267 3189 1556 3254 reddidit
1585 3191 1822 3269 exitus,

730 3300 1117 3387 laudemque
1147 3308 1216 3366 et
1245 3309 1541 3388 optatum
1571 3303 1850 3388 peractis

730 3413 1019 3499 imperiis
1049 3413 1247 3480 decus
1275 3414 1629 3500 arrogavit.

734 3533 801 3589 te
834 3525 1159 3591 Cantaber
1183 3548 1317 3591 non
1347 3534 1500 3591 ante
1530 3526 1874 3591 domabilis

731 3638 1097 3724 Medusque
1128 3647 1197 3705 et
1229 3639 1458 3718 Indus,
1490 3646 1558 3703 te
1587 3639 1902 3725 profligus
1937 3639 2210 3724 Scythes

730 3751 1022 3831 miratur,
1055 3773 1093 3816 o
1123 3753 1331 3817 tutela
1358 3773 1668 3836 praesens

730 3863 957 3928 Italiae
985 3864 1411 3951 dominaeque
1441 3864 1708 3928 Romae.

729 3981 797 4040 te
825 3977 1105 4041 fontium
1136 3979 1247 4064 qui
1277 3979 1444 4042 celat
1473 3977 1759 4063 origines

2421 191 2540 255 183

2475 2882 2536 2930 35

2463 4005 2529 4052 45
