3109 4817
1067 200 1649 267 SERMONUM
1712 204 1786 267 II
1845 205 1883 266 5
2432 200 2552 263 291

367 381 436 439 et
466 376 792 461 quondam
823 378 1066 441 maiora
1097 379 1236 441 tuli.
1343 386 1416 441 tu
1445 377 1741 462 protinus
1772 378 1943 441 unde

363 488 627 553 divitias
657 491 952 576 aerisque
983 514 1164 554 ruam
1195 490 1300 554 dic
1329 514 1539 577 augur
1567 512 1853 554 acervos.

368 605 388 633 ‘
407 602 545 665 dixi
575 604 878 687 equidem
910 610 978 667 et
1007 604 1174 667 dico,
1279 610 1500 687 captes
1531 609 1787 667 astutus
1814 603 2055 687 ubique

367 721 760 780 testamenta
790 737 1042 794 senum,
1072 738 1224 794 neu,
1262 715 1317 779 si
1346 716 1529 779 vafer
1556 738 1724 779 unus
1756 722 1824 779 et
1850 717 2015 779 alter

363 827 806 893 insidiatorem
838 849 1140 912 praeroso
1169 828 1414 913 fugerit
1442 829 1655 906 hamo,
2490 858 2553 904 25

363 947 478 1003 aut
507 962 690 1025 spem
719 941 1010 1026 deponas
1040 947 1156 1003 aut
1185 947 1392 1004 artem
1421 941 1648 1005 illusus
1676 941 1959 1004 omittas.

363 1074 601 1136 magna
629 1053 923 1117 minorve
952 1055 1091 1116 foro
1123 1052 1180 1116 si
1206 1074 1310 1117 res
1340 1054 1697 1117 certabitur
1727 1053 1901 1130 olim,

360 1166 544 1229 vivet
571 1173 718 1230 uter
747 1166 1032 1251 locuples
1064 1167 1204 1230 sine
1234 1167 1475 1251 gnatiS,
1506 1166 1865 1250 improbus,
1898 1167 2067 1230 ultro

363 1278 472 1362 qui
502 1279 835 1343 meliorem
863 1280 1074 1344 audax
1105 1285 1298 1345 vocet
1330 1280 1399 1342 in
1428 1280 1550 1357 ius,
1584 1280 1755 1343 illius
1786 1287 1927 1344 esto

361 1369 697 1455 defensor:
745 1393 915 1455 fama
943 1392 1153 1456 civem
1185 1414 1502 1477 causaque
1533 1392 1815 1477 priorem
2490 1421 2552 1466 30

361 1525 617 1589 sperne,
649 1505 825 1568 domi
857 1505 912 1568 si
941 1511 1184 1590 gnatus
1216 1505 1342 1568 erit
1370 1504 1731 1569 fecundave
1761 1504 2063 1568 coniunx.

363 1622 407 1651 ‘⁶
430 1617 735 1699 Quinte‚''
768 1626 949 1702 puta,
981 1625 1096 1682 aut
1126 1624 1171 1653 “
1196 1618 1386 1681 Publi
1402 1620 1443 1648 '²
1491 1617 1807 1702 (gaudent
1837 1616 2252 1701 praenomine
2282 1616 2507 1679 molles

359 1730 737 1809 auriculae),
772 1734 818 1765 ‘⁶'
837 1730 960 1794 tibi
991 1753 1095 1795 me
1125 1730 1335 1794 virtus
1365 1736 1478 1793 tua
1506 1730 1663 1793 fecit
1692 1730 1967 1793 amicum
1994 1756 2008 1792 ε

359 1842 460 1906 1116
488 1865 727 1927 anceps
757 1844 935 1921 novi,
968 1865 1192 1906 causas
1223 1842 1575 1905 defendere
1605 1863 1905 1926 possum:

359 1956 590 2039 eripiet
622 1955 835 2041 quivis
867 1957 1087 2019 oculos
1118 1956 1309 2018 citius
1339 1954 1497 2017 mihi
1533 1977 1730 2039 quam
1761 1962 1827 2018 te
2489 1982 2549 2027 35

358 2074 806 2153 contemptum
835 2090 1016 2131 cassa
1043 2089 1210 2131 nuce
1241 2073 1593 2151 pauperet:
1641 2066 1800 2130 haec
1828 2088 1975 2129 mea
2008 2088 2161 2128 cura
2191 2072 2313 2142 est,

356 2180 599 2266 nequid
631 2186 704 2243 tu
734 2180 988 2264 perdas,
1019 2202 1149 2243 neu
1179 2180 1268 2243 sis
1296 2180 1476 2242 iocus
1493 2180 1559 2242 ''.
1662 2180 1757 2241 ire
1786 2178 2049 2242 domum
2080 2186 2277 2262 atque

356 2292 722 2377 pelliculam
749 2314 973 2355 curare
1003 2292 1156 2356 iube
1177 2316 1196 2368 ;
1241 2292 1287 2354 fi
1315 2292 1617 2376 cognitor
1645 2291 1808 2375 ipse,

357 2412 576 2489 persta
603 2412 800 2490 atque
833 2405 1103 2483 obdura,
1135 2426 1251 2467 seu
1279 2405 1476 2467 rubra
1505 2403 1793 2467 canicula
1818 2402 2027 2466 findet

355 2518 636 2581 infantes
667 2524 941 2595 statuas,
973 2539 1090 2580 seu
1117 2517 1348 2601 pingui
1380 2523 1601 2581 tentus
1635 2538 1853 2580 omaso
2480 2546 2549 2593 40

359 2629 591 2693 Furius
621 2630 929 2694 hibernas
959 2651 1120 2693 cana
1146 2629 1300 2694 nive
1332 2638 1651 2715 conspuet
1678 2630 1904 2714 Alpes.

357 2746 402 2776 “
423 2763 641 2806 nonne
669 2743 856 2807 vides
873 2744 916 2774 '²
947 2742 1179 2826 aliquis
1210 2742 1432 2806 cubito
1463 2750 1747 2807 stantem
1777 2765 1981 2828 prope
2012 2750 2292 2827 tangens

354 2855 629 2941 inquiet,
663 2860 708 2889 ‘⁶
731 2863 808 2919 ut
835 2855 1111 2941 patienS,
1144 2863 1221 2918 ut
1247 2856 1470 2919 amicis
1501 2862 1715 2940 aptus,
1747 2861 1825 2918 ut
1852 2877 1999 2919 acer
2018 2856 2043 2919 ?
2062 2856 2103 2885 '’

354 2968 572 3053 plures
601 2966 938 3031 adnabunt
967 2967 1222 3045 thunni,
1257 2974 1325 3031 et
1354 2969 1595 3031 cetaria
1624 2974 1936 3031 crescent.

355 3080 410 3143 si
440 3080 545 3143 cui
572 3087 909 3165 praeterea
936 3080 1189 3144 validus
1218 3080 1384 3143 male
1415 3080 1584 3143 filius
1613 3081 1683 3142 in
1712 3101 1783 3143 re
2480 3108 2547 3154 45

353 3194 680 3277 praeclara
708 3193 1001 3257 sublatus
1031 3193 1261 3269 aletur,
1291 3213 1376 3255 ne
1407 3192 1822 3255 manifestum

353 3304 618 3370 caelibis
653 3306 1038 3390 obsequium
1069 3304 1278 3369 nudet
1307 3311 1396 3382 te,
1428 3304 1665 3367 leniter
1691 3303 1759 3365 in
1792 3325 1974 3387 spem

352 3416 592 3501 adrepe
622 3418 963 3497 officiosus,
995 3425 1071 3482 ut
1100 3424 1169 3481 et
1197 3416 1478 3480 scribare
1510 3415 1831 3479 secundus

352 3528 541 3593 heres
573 3538 662 3607 et,
694 3530 898 3615 siquis
929 3553 1114 3595 casus
1145 3550 1417 3614 puerum
1450 3528 1662 3613 egerit
1692 3528 1884 3605 OrcO,

352 3641 421 3703 in
451 3664 728 3707 vacuum
757 3644 1016 3706 venias:
1064 3662 1326 3726 perraro
1357 3640 1515 3704 haec
1544 3642 1685 3703 alea
1714 3641 1897 3705 fallit.
2484 3669 2544 3714 50

355 3754 467 3838 qui
497 3761 960 3819 testamentum
990 3754 1207 3819 tradet
1235 3752 1358 3816 tibi
1389 3774 1667 3838 cumque
1694 3753 2068 3839 legendum,

355 3866 638 3931 abnuere
669 3874 738 3932 et
765 3869 1018 3932 tabulas
1051 3890 1092 3930 a
1121 3874 1186 3931 te
1216 3887 1551 3929 removere
1582 3873 1934 3945 mement0,

359 3977 448 4041 sic
478 3987 694 4044 tamen
727 3987 803 4044 ut
829 3981 1000 4045 limis
1029 3980 1242 4064 rapias
1245 4027 1264 4056 ,
1299 3978 1454 4063 quid
1487 3979 1695 4063 prima
1724 3978 2006 4045 secundo
