3109 4817
583 183 708 248 270
1442 181 1900 247 HORATII

1638 2055 1711 2117 II

755 2295 943 2360 UAE
972 2296 1183 2361 virtus
1214 2304 1282 2361 et
1312 2303 1577 2382 quanta,
1609 2297 1788 2376 boni,
1821 2297 1908 2362 sit
1935 2298 2160 2362 vivere
2188 2321 2391 2383 parvo

813 2410 955 2490 (nec
983 2431 1168 2474 meus
1197 2409 1304 2474 hic
1334 2431 1546 2474 sermo
1578 2416 1701 2489 est,
1734 2410 1850 2473 sed
1883 2432 2048 2496 quae
2078 2411 2411 2496 praecepit
2439 2411 2691 2476 Ofellus

565 2521 870 2601 rusticae,
901 2523 1232 2587 abnormis
1262 2523 1522 2608 sapiens
1551 2545 1896 2608 crassaque
1926 2523 2253 2605 Minerva)

567 2632 820 2712 discite,
849 2657 984 2698 non
1012 2635 1189 2699 inter
1215 2636 1435 2699 lances
1464 2658 1855 2722 mensasque
1884 2635 2196 2714 nitenteS,

564 2769 713 2810 cum
744 2754 966 2833 stupet
993 2748 1239 2812 insanis
1268 2748 1439 2813 acies
1469 2748 1835 2833 fulgoribus
1866 2755 1935 2813 et
1963 2772 2111 2811 cum

563 2859 834 2924 adclinis
863 2861 1040 2925 falsis
1070 2860 1323 2925 animus
1353 2862 1621 2925 meliora
1647 2868 1928 2940 recusat,

561 2994 792 3036 verum
820 2973 926 3037 hic
955 2974 1248 3059 inpransi
1274 2996 1530 3038 mecum
1561 2974 1927 3059 disquirite.
2034 2978 2055 3007 ‘
2077 2995 2194 3037 cur
2221 2973 2345 3037 hoc
2366 2974 2427 3037 ’.θ’

562 3086 795 3166 dicam,
829 3086 884 3150 si
913 3094 1163 3171 potero,
1265 3088 1434 3151 male
1462 3109 1693 3149 verum
1724 3086 2053 3150 examinat
2083 3087 2292 3151 omnis

562 3207 906 3285 corruptus
935 3200 1154 3265 iudex.
1256 3202 1547 3285 leporem
1578 3208 1865 3266 sectatus
1896 3223 2149 3287 equove

559 3314 767 3377 lassus
796 3313 881 3377 ab
909 3312 1228 3377 indomito
1259 3314 1388 3392 vel,
1419 3314 1476 3378 si
1506 3314 1802 3377 Romana
1830 3314 2067 3398 fatigat

558 3425 790 3489 militia
817 3426 1160 3490 adsuetum
1191 3426 1504 3510 graecari,
1537 3447 1654 3490 seu
1682 3426 1815 3511 pila
1842 3428 2037 3490 velox

558 3539 842 3603 molliter
870 3544 1200 3601 austerum
1230 3538 1446 3601 studio
1476 3538 1743 3602 fallente
1771 3539 2059 3602 laborem
2062 3587 2082 3616 ,

561 3674 678 3716 seu
706 3660 774 3716 te
803 3652 1020 3715 discus
1049 3650 1192 3735 agit
1235 3652 1410 3736 (pete
1440 3652 1784 3715 cedentem
1814 3673 1964 3715 aera
1992 3643 2226 3741 disco),

558 3786 706 3828 cum
734 3764 918 3827 labor
948 3762 1277 3826 extuderit
1304 3763 1587 3842 fastidia,
1619 3763 1825 3827 siccus
1829 3812 1849 3842 ‚
1879 3763 2092 3828 inanis

558 3898 792 3961 sperne
823 3876 1035 3939 cibum
1071 3874 1301 3938 vilem:
1348 3874 1475 3938 nisi
1504 3874 1852 3960 Hymettia
1877 3876 2071 3939 mella
2102 3876 2377 3939 Falerno

558 4011 641 4051 ne
672 3986 916 4052 biberis
945 3986 1172 4050 diluta.
1275 3987 1431 4051 foris
1462 3995 1565 4050 est
1594 4010 1881 4072 promae,
1914 3996 1983 4053 et
2011 3995 2226 4052 atrum
