3109 4817
894 190 1021 254 DE
1095 191 1371 254 ARTE
1446 190 1895 255 POETICA

272 365 480 430 multa
506 366 648 430 dies
679 372 748 430 et
775 367 983 429 multa
1009 366 1205 430 litura
1235 365 1523 430 coercuit
1548 374 1748 451 atque

274 486 683 562 praesectum
713 479 977 543 deciens
1005 500 1139 544 non
1172 478 1523 564 castigavit
1550 479 1635 542 ad
1667 501 1976 564 unguem.

273 589 615 676 ingenium
645 592 881 656 misera
912 592 1063 677 quia
1091 591 1485 656 fortunatius
1514 599 1656 656 arte

275 704 487 768 credit
516 711 585 769 et
613 706 903 769 excludit
932 727 1123 770 sanos
1153 705 1473 768 Helicone
1503 711 1732 789 poetas

274 816 713 897 Democritus,
744 819 919 882 bona
945 839 1097 902 pars
1126 839 1259 882 non
1288 818 1529 903 unguis
1561 840 1803 904 ponere
1832 826 2037 896 curat,

273 951 408 994 non
438 931 731 1010 barbam,
764 938 1015 996 secreta
1043 930 1213 1016 petit
1243 932 1405 1009 loca,
1437 933 1671 995 balnea
1697 931 1888 996 vitat.

270 1043 686 1108 nanciscetur
715 1044 889 1108 enim
918 1045 1203 1129 pretium
1230 1065 1600 1130 nomenque
1631 1051 1886 1129 poetae,

274 1154 332 1219 si
364 1155 575 1221 tribus
604 1157 941 1243 Anticyris
972 1165 1170 1242 caput
1196 1158 1558 1221 insanabile
1586 1180 1942 1243 numquam

272 1269 525 1333 tonsori
556 1271 782 1335 Licino
812 1271 1229 1335 commiserit.
1335 1293 1373 1333 o
1404 1292 1531 1354 ego
1559 1271 1807 1348 laevus,

276 1381 389 1466 qui
419 1405 667 1469 purgor
695 1384 892 1448 bilem
922 1385 1045 1448 sub
1076 1383 1266 1448 verni
1295 1383 1610 1468 temporis
1639 1384 1886 1448 horam.

271 1516 408 1559 non
437 1497 600 1560 alius
630 1497 872 1561 faceret
898 1496 1166 1560 meliora
1196 1503 1536 1582 poemata:
1590 1517 1820 1560 verum

272 1609 367 1672 nil
398 1609 649 1673 tantist.
754 1631 911 1694 ergo
943 1609 1181 1694 fungar
1207 1609 1353 1674 vice
1384 1611 1572 1688 cotis,
1603 1616 1864 1673 acutum

272 1722 545 1786 reddere
583 1745 745 1808 quae
774 1723 1014 1786 ferrum
1044 1723 1242 1800 valet,
1277 1744 1465 1786 exors
1494 1723 1640 1806 ipsa
1669 1723 1970 1800 secandi3

268 1857 509 1898 munus
540 1841 610 1899 et
638 1835 941 1914 officium,
970 1836 1065 1898 nil
1096 1836 1389 1899 scribens
1418 1835 1584 1918 ipse,
1615 1835 1888 1914 doceb0,

268 1949 445 2011 unde
475 1955 787 2032 parentur
814 1969 995 2033 opes,
1031 1947 1185 2032 quid
1214 1949 1347 2011 alat
1374 1947 1741 2032 formetque
1773 1956 2056 2032 poetam,

268 2060 425 2146 quid
456 2060 707 2138 deceat,
741 2060 897 2145 quid
924 2083 1053 2124 non
1060 2109 1080 2138 ,
1116 2082 1243 2145 quo
1274 2061 1505 2138 virtus,
1539 2082 1669 2145 quo
1699 2060 1868 2125 ferat
1897 2084 2096 2126 error.

267 2173 597 2236 scribendi
622 2180 802 2238 recte
832 2195 1059 2258 sapere
1090 2181 1194 2237 est
1224 2181 1296 2237 et
1323 2171 1717 2258 principium
1748 2180 1817 2237 et
1845 2175 2012 2238 fons.

268 2308 409 2350 rem
438 2285 562 2349 tibi
596 2285 959 2350 Socraticae
990 2293 1301 2370 poterunt
1331 2285 1678 2350 ostendere
1708 2286 1970 2351 chartae
1993 2314 2010 2363 ;

268 2399 601 2483 verbaque
631 2398 959 2483 provisam
990 2420 1129 2477 rem
1158 2419 1292 2462 non
1322 2398 1532 2462 invita
1561 2405 1939 2484 sequentur.

270 2511 382 2596 qui
411 2510 643 2574 didicit
670 2511 919 2595 patriae
950 2511 1106 2596 quid
1136 2511 1375 2576 debeat
1410 2519 1478 2576 et
1510 2511 1670 2597 quid
1699 2512 1944 2590 amiciS,

269 2645 399 2708 quo
430 2623 518 2688 sit
545 2645 763 2688 amore
794 2646 1051 2710 parens,
1086 2646 1214 2709 quo
1243 2625 1445 2688 frater
1472 2625 1788 2690 amandus
1819 2633 1888 2690 et
1916 2628 2177 2712 hospes,

269 2736 444 2822 quod
474 2737 562 2800 sit
590 2737 965 2822 conscripti,
1000 2737 1173 2821 quod
1202 2737 1437 2802 iudicis
1469 2738 1773 2818 officium,
1806 2762 1972 2826 quae

268 2857 489 2935 partes
516 2850 587 2912 in
616 2851 860 2914 bellum
886 2850 1071 2914 missi
1100 2850 1306 2928 ducis,
1337 2850 1447 2914 ille
1478 2851 1769 2934 profecto

265 2962 540 3026 reddere
569 2985 884 3047 personae
914 2964 1041 3028 scit
1068 2963 1558 3028 conventientia
1587 2964 1840 3049 cuique.

264 3076 589 3161 respicere
620 3077 953 3162 exemplar
979 3077 1155 3140 vitae
1185 3097 1570 3160 morumque
1597 3076 1839 3140 iubebo

265 3189 534 3254 doctum
562 3189 959 3254 imitatorem
988 3197 1058 3254 et
1086 3189 1273 3252 vivas
1301 3187 1453 3250 hinc
1484 3187 1721 3251 ducere
1750 3209 1967 3253 voces.

263 3301 595 3366 interdum
627 3302 920 3387 speciosa
946 3301 1105 3366 locis
1136 3306 1515 3384 morataque
1546 3306 1724 3363 recte

262 3414 483 3478 fabula
508 3413 749 3478 nullius
777 3415 1058 3492 veneris,
1090 3412 1230 3476 sine
1260 3411 1549 3496 pondere
1580 3417 1650 3474 et
1671 3417 1834 3488 arte,

261 3527 518 3591 valdius
548 3528 836 3591 oblectat
863 3527 1175 3612 populum
1202 3523 1567 3608 meliusque
1595 3529 1887 3587 moratur

265 3661 459 3724 quam
490 3661 721 3704 versus
749 3640 981 3723 inopes
1010 3660 1227 3702 rerum
1257 3658 1606 3722 nugaeque
1635 3655 1930 3700 canorae.

264 3753 451 3816 Grais
479 3753 843 3838 ingenium,
880 3752 1066 3817 Grais
1096 3751 1281 3815 dedit
1310 3772 1421 3814 ore
1451 3747 1735 3813 rotundo

258 3887 445 3929 musa
472 3866 675 3950 loqui,
709 3872 971 3948 praeter
998 3864 1259 3928 laudem
1287 3863 1531 3926 nullius
1561 3861 1795 3925 avaris.

262 3977 543 4043 Romani
573 3978 759 4062 pueri
788 3979 1005 4062 longis
1034 3977 1397 4041 rationibus
1426 3999 1639 4040 assem

2355 194 2481 258 379

2384 625 2480 675 ²95

2383 1191 2484 1237 300

2381 1755 2477 1803 305

2377 2321 2478 2368 3¹0

2379 2887 2476 2935 3¹5

2375 3445 2474 3491 320

2375 4006 2470 4055 3²5
