3109 4817
643 193 770 258 320
1521 191 1974 257 HORA'PII

635 389 998 432 mercemur
1026 388 1288 432 servum
1319 366 1432 452 qui
1463 366 1671 431 dictet
1696 367 1983 447 nomina,
2014 369 2273 433 laevum

639 480 751 565 qui
781 480 1022 545 fodicet
1050 481 1221 544 latus
1252 485 1321 544 et
1350 486 1545 565 cogat
1574 487 1755 545 trans
1785 480 2075 565 pondera
2102 481 2400 545 dextram

637 592 1009 679 porrigere:
1059 598 1080 627 ‘
1098 593 1204 656 hic
1231 593 1512 657 multum
1540 593 1611 656 in
1645 594 1849 657 Fabia
1876 594 2075 673 valet,
2104 594 2215 659 ille
2243 593 2518 670 Velina;

638 706 744 770 cui
770 706 935 770 libet
962 706 1069 769 hic
1097 706 1303 769 fasces
1333 705 1521 770 dabit
1552 706 1915 792 eripietque
1946 707 2166 772 curule

637 818 742 882 cui
770 819 951 883 volet
977 818 1366 903 inportunus
1397 820 1611 884 ebur'.
1700 819 1922 898 frater,
1953 827 2144 904 pater
2171 820 2378 897 adde;

637 937 714 995 ut
742 931 974 1016 cuique
1005 937 1109 995 est
1135 938 1336 1010 aetas,
1366 932 1462 995 ita
1491 952 1814 1017 quemque
1845 932 2093 996 facetus
2122 933 2382 1017 adopta.

641 1045 698 1109 si
728 1046 895 1109 bene
929 1044 1040 1130 qui
1069 1050 1262 1109 cenat
1289 1045 1458 1108 bene
1487 1044 1680 1124 vivit,
1711 1045 1908 1124 lucet,
1942 1068 2164 1109 eamus

641 1179 769 1243 quo
797 1157 982 1221 ducit
1009 1158 1186 1243 gula,
1216 1157 1565 1242 piscemur,
1596 1178 1935 1237 venemur,
1965 1164 2042 1222 ut
2072 1158 2237 1223 olim'

641 1269 990 1355 Gargilius,
1026 1269 1137 1355 qui
1163 1291 1354 1334 mane
1384 1271 1636 1355 plagas,
1666 1272 2010 1350 venabula,
2044 1293 2288 1350 serv08,

645 1382 977 1447 differtum
1008 1382 1285 1447 transire
1314 1383 1525 1446 forum
1558 1383 1998 1469 populumque
2026 1384 2317 1462 iubebat,

638 1518 808 1559 unus
836 1501 913 1559 ut
941 1517 978 1560 e
1006 1495 1230 1560 multis
1263 1496 1505 1581 populo
1536 1503 1875 1580 spectante
1904 1497 2179 1561 referret

639 1615 934 1694 emptum
964 1609 1181 1673 mulus
1211 1632 1461 1694 aprum.
1565 1608 1749 1673 crudi
1778 1608 2142 1694 tumidique
2175 1611 2485 1692 lavemur,

643 1722 800 1808 quid
831 1722 1062 1786 deceat
1090 1722 1249 1807 quid
1277 1745 1409 1786 non
1442 1722 1650 1799 obliti,
1688 1721 1942 1786 Caerite
1972 1744 2122 1785 cera
2160 1756 2169 1764 ·

640 1836 846 1921 digni,
875 1835 1223 1921 remigium
1251 1835 1558 1899 vitiosum
1592 1834 1957 1898 Ithacensis
1988 1816 2193 1927 Ulixi,

639 1949 746 2012 cui
774 1948 992 2033 potior
1021 1948 1231 2032 patria
1258 1947 1384 2011 fuit
1410 1948 1763 2012 interdicta
1790 1948 2114 2032 voluptati.

641 2062 719 2141 si,
752 2061 1182 2125 Mimnermus
1212 2061 1311 2124 uti
1341 2068 1587 2139 censet,
1619 2060 1759 2124 sine
1789 2082 2008 2126 amore
2036 2061 2324 2146 iocisque

637 2174 731 2238 nil
762 2182 865 2239 est
889 2173 1264 2252 iucundum,
1295 2174 1482 2238 vivas
1510 2174 1581 2237 in
1610 2195 1828 2237 amore
1856 2173 2168 2259 iocisque.

637 2287 812 2365 vive,
843 2288 1009 2352 vale.
1113 2286 1329 2372 siquid
1358 2287 1602 2352 novisti
1630 2286 1870 2351 rectius
1898 2286 2065 2365 istis,

641 2399 953 2463 candidus
980 2399 1283 2484 imperti3
1330 2400 1388 2465 si
1414 2422 1570 2480 non,
1602 2400 1705 2465 his
1733 2407 1918 2465 utere
1946 2422 2223 2465 mecum.

2803 398 2863 446 50

2802 961 2864 1010 55

2792 1512 2860 1560 60
