3109 4817
1093 256 1225 319 DE
1287 256 1552 319 ARTE
1616 256 2079 321 POETICA

489 433 731 498 ordinis
760 433 920 496 haec
951 432 1161 497 virtus
1191 434 1318 497 erit
1347 439 1419 496 et'
1443 454 1672 511 venus,
1703 441 1818 497 aut
1848 455 1973 519 ego
2004 433 2209 510 fallor,

487 552 564 609 ut
589 546 719 609 iam
747 568 920 609 nunc
950 546 1127 611 dicat
1153 545 1285 609 iam
1312 567 1485 609 nunc
1515 546 1826 609 debentia
1854 546 2005 625 dici,

487 659 794 744 pleraque
823 658 1084 723 differat
1113 664 1182 723 et
1209 680 1516 744 praesens
1545 657 1617 720 in
1648 665 1907 743 tempus
1937 661 2222 724 omittat.

487 772 556 833 in
585 772 806 836 verbis
837 772 1033 835 etiam
1063 772 1278 836 tenuis
1308 778 1664 857 cautusque
1696 771 1985 835 serendis
1988 822 2008 851 ,

488 885 610 949 hoc
639 892 835 963 amet,
866 885 990 948 hoc
1019 892 1287 969 spernat
1315 884 1619 968 promissi
1652 885 1953 949 carminis
1982 892 2227 950 auctor.

487 997 729 1061 dixeris
759 997 1046 1082 egregie,
1077 1004 1308 1060 notum
1338 998 1394 1060 si
1425 996 1655 1061 callida
1684 997 1959 1061 verbum

489 1109 846 1174 reddiderit
871 1108 1170 1172 iunctura
1197 1130 1464 1174 novum.
1569 1108 1627 1173 si
1655 1110 1822 1173 forte
1851 1131 2119 1173 necesse
2150 1118 2252 1173 est

489 1220 744 1285 indiciis
771 1228 1132 1285 monstrare
1160 1221 1532 1286 recentibus
1562 1222 1789 1286 abdita
1816 1242 2054 1300 rerum,

490 1338 738 1422 fingere
767 1336 1072 1402 cinctutis
1100 1358 1234 1401 non
1263 1337 1569 1401 exaudita
1602 1338 1911 1423 Cethegis
1941 1319 1947 1327 ’

491 1450 852 1535 continget,
883 1450 1274 1536 dabiturque
1303 1449 1567 1514 licentia
1596 1458 1858 1535 sumpta
1884 1451 2229 1535 pudenter.

492 1568 562 1626 et
589 1584 761 1627 nova
787 1562 1068 1647 fictaque
1097 1582 1308 1645 nuper
1334 1562 1673 1626 habeth
1700 1563 1903 1627 verba
1929 1563 2147 1641 fidem,
2178 1562 2235 1626 si

495 1674 740 1739 Graeco
767 1676 948 1739 fonte
979 1674 1236 1752 cadent,
1269 1696 1461 1760 parce
1490 1676 1772 1741 detorta.
1878 1676 2032 1761 quid
2061 1683 2279 1740 autem

497 1787 774 1852 Caecilio
805 1788 1166 1873 Plautoque
1195 1788 1381 1852 dabit
1410 1787 1742 1858 Romanus
1771 1788 2148 1873 ademptum

490 1899 786 1985 Vergilio
814 1900 1193 1985 Varioque?
1241 1921 1366 1985 ego
1397 1922 1532 1979 cur,
1564 1901 1907 1985 adquirere
1934 1922 2139 1985 pauca

491 2012 548 2076 si
576 2033 865 2097 possum,
895 2012 1244 2077 invideor?
1291 2034 1438 2075 cum
1469 2014 1697 2098 lingua
1730 2013 1995 2078 Catonis
2026 2021 2095 2077 et
2123 2014 2295 2076 Enni

492 2148 858 2190 sermonem
885 2126 1169 2211 patrium
1199 2124 1510 2191 ditaverit
1537 2133 1607 2190 et
1634 2148 1807 2191 nova
1835 2149 2052 2193 rerum

491 2238 755 2302 nomina
782 2238 1146 2323 protulerit.
1248 2238 1432 2301 licuit
1460 2257 1845 2325 semperque
1873 2239 2097 2303 licebit

494 2351 826 2437 signatum
853 2358 1198 2436 praesente
1227 2357 1385 2416 nota
1413 2351 1770 2435 producere
1799 2373 2058 2415 nomen.

495 2470 569 2527 ut
596 2464 798 2528 silvae
826 2462 996 2526 foliis
1027 2484 1268 2547 pronos
1297 2470 1635 2527 mutantur
1662 2464 1733 2526 in
1762 2486 1990 2542 annos,

493 2575 702 2660 prima
730 2576 994 2652 cadunt,
1025 2576 1118 2639 ita
1146 2576 1496 2640 verborum
1522 2583 1715 2640 vetus
1741 2576 1971 2640 interit
1996 2583 2197 2653 aetas,

499 2694 566 2752 et
592 2690 906 2753 iuvenum
940 2687 1074 2751 ritu
1103 2688 1340 2752 florent
1367 2688 1563 2752 modo
1592 2695 1747 2753 nata
1774 2689 2155 2774 vigentque.

494 2802 810 2866 debemur
836 2800 1033 2864 morti
1061 2822 1183 2865 nos
1209 2808 1563 2888 nostraque
1590 2828 1604 2865 ε
1652 2802 1793 2865 sive
1821 2808 2126 2887 receptus

493 2921 666 2978 terra
693 2912 1043 2997 Neptunus
1073 2914 1308 2977 classes
1337 2914 1749 3000 aquilonibus
1778 2921 1979 2993 arcet,

496 3026 674 3111 regis
703 3047 867 3111 opus
870 3074 890 3104 ,
923 3024 1290 3111 sterilisque
1321 3026 1435 3089 diu
1463 3028 1649 3111 palus
1678 3034 1961 3113 aptaque
1989 3028 2186 3091 remis

497 3138 744 3203 vicinas
771 3139 966 3203 urbes
995 3138 1114 3203 alit
1140 3145 1211 3202 et
1237 3160 1440 3223 grave
1471 3139 1675 3203 sentit
1701 3145 2012 3217 aratrum,

499 3273 616 3315 seu
645 3273 905 3315 cursum
934 3250 1219 3315 mutavit
1243 3250 1542 3335 iniquum
1572 3250 1850 3335 frig-ibus
1879 3250 2089 3313 amnis

497 3363 730 3427 doctus
756 3364 886 3429 iter
911 3363 1180 3427 melius:
1226 3363 1536 3425 mortalia·
1551 3364 1722 3427 facta
1750 3361 2081 3447 peribunt,

495 3475 740 3539 nedum
769 3496 1141 3540 sermonum
1172 3480 1306 3539 stet
1333 3474 1541 3538 honos
1573 3481 1643 3537 et
1668 3474 1883 3559 gratia
1908 3472 2126 3537 vivax.

497 3589 702 3652 multa
730 3595 1153 3653 renascentur
1182 3608 1348 3672 quae
1376 3586 1506 3649 iam
1536 3586 1851 3663 cecidere,
1882 3585 2245 3670 cadentque

499 3724 665 3787 quae
693 3724 866 3766 nunc
896 3708 1052 3766 sunt
1076 3672 1152 3765 ui
1177 3701 1422 3765 honore
1450 3700 1788 3779 vocabula,
1820 3700 1878 3763 si
1904 3700 2085 3763 volet
2114 3720 2293 3776 usus,

501 3835 696 3899 quem
723 3836 926 3898 penes
953 3814 1294 3880 arbitrium
1325 3819 1528 3895 est-et
1552 3813 1657 3877 ius
1688 3819 1757 3876 et
1782 3834 2012 3875 norma
2040 3810 2367 3897 loquendi.

500 3947 605 3989 res
635 3933 862 4012 gestae
895 3948 1257 4012 regumque
1287 3926 1659 4011 ducumque
1690 3934 1759 3990 et
1788 3925 2001 3990 tristia
2030 3925 2201 3989 bella

501 4060 630 4123 quo
660 4039 855 4103 scribi
885 4045 1157 4124 possent
1184 4060 1476 4115 numere,
1513 4037 1909 4102 monstravit
1938 4036 2288 4101 Homerus,

2562 251 2685 317 371

2620 801 2689 847 45

2626 1366 2689 1413 50

2628 1929 2688 1975 55

2630 2478 2697 2525 60

2628 3586 2739 3657 70'
