3109 4817
924 267 1685 333 EPISTULARUM
1753 272 1788 334 I
1842 273 1941 349 16,
1995 272 2070 336 17
2212 344 2222 366 ·
2464 272 2587 335 341

375 459 668 503 annonae
698 442 927 524 prosit,
961 450 1180 526 portet
1209 443 1534 508 frumenta
1564 468 1922 531 penusque.

375 552 477 614 vir
507 554 717 617 bonus
749 562 817 618 et
846 556 1105 640 sapiens
1134 558 1404 621 audebit
1433 559 1649 623 dicere
1682 565 1701 594 ‘
1721 559 2043 637 Penthea,

375 674 588 729 rector
617 667 1007 742 Thebarum,
1044 670 1200 754 quid
1227 694 1334 734 me
1365 673 1650 756 perferre
1681 672 1947 757 patique

373 778 716 863 indignum
748 801 944 864 coges
969 783 1027 844 ?'
1134 787 1153 815 ‘
1184 783 1465 846 adimam
1496 785 1723 847 bona'.
1831 789 1850 817 ‘
1882 807 2119 868 nempe
2150 803 2371 869 pecuS,
2522 814 2548 858 7
2559 814 2586 862 ς

674 914 837 970 rem,

372 999 597 1081 lectos,
628 1011 996 1089 argentum.
1104 1007 1292 1070 tollas
1320 1008 1530 1071 licet'.
1639 1014 1656 1042 ‘
1681 1008 1750 1072 in
1782 1009 2050 1073 manicis
2082 1016 2149 1073 et

374 1117 798 1201 compedibus
831 1140 1025 1183 saevo
1058 1126 1124 1184 te
1155 1122 1277 1185 sub
1309 1122 1580 1186 custode
1612 1123 1904 1187 tenebo’.

379 1228 562 1312 ‘ipse
591 1230 774 1309 deus,
814 1231 1004 1294 simul
1034 1240 1232 1317 atque
1264 1235 1500 1311 volam,
1533 1257 1638 1298 me
1670 1235 1938 1298 solvet’.
2043 1233 2273 1318 opinor

369 1340 489 1403 hoc
520 1342 742 1421 sentit,
777 1348 796 1377 ‘
821 1344 1058 1407 moriar
1078 1347 1119 1409 ’.
1223 1368 1398 1410 mors
1429 1347 1657 1411 ultima
1683 1347 1856 1410 linea
1882 1369 2098 1411 rerum
2130 1353 2251 1410 est.

1366 3164 1569 3227 XVII

559 3362 944 3441 UAMVIS,
982 3362 1249 3440 Scaeva,
1287 3362 1444 3425 satis
1476 3382 1594 3444 per
1624 3368 1689 3423 te
1721 3360 1845 3425 tibi
1873 3362 2179 3440 consulis,
2212 3369 2280 3425 et
2308 3362 2434 3425 scis

383 3356 549 3558 Q
606 3497 732 3560 quo
763 3474 1027 3539 tandem
1057 3481 1249 3559 pacto
1279 3474 1509 3537 deceat
1538 3472 1889 3537 maioribus
1919 3474 2039 3551 uti,

370 3584 568 3666 disce,
600 3588 931 3652 docendus
962 3587 1172 3651 adhuc
1205 3608 1369 3672 quae
1399 3593 1625 3649 censet
1651 3586 1986 3664 amiculae,
2017 3593 2093 3649 ut
2123 3587 2177 3650 si

370 3720 598 3764 caecus
625 3700 754 3763 iter
781 3707 1144 3763 monstrare
1173 3698 1370 3763 velit:
1418 3705 1640 3760 tamen
1672 3699 1886 3782 aspice
1918 3698 2133 3783 siquid

372 3817 439 3874 eb
465 3833 608 3891 nos,
643 3814 816 3898 quod
847 3835 1032 3876 cures
1062 3811 1395 3897 proprium
1425 3810 1678 3888 fecisse,
1710 3811 2071 3895 loquamur.
2553 3840 2575 3886 5

371 3922 426 3985 si
456 3931 522 3987 te
552 3932 742 4009 grata
773 3926 955 4011 quies
986 3933 1055 3990 et
1084 3925 1357 4011 primam
1389 3944 1656 3987 somnus
1685 3923 1752 3987 in
1784 3924 2011 3988 horam

372 4036 672 4114 delectat,
706 4040 757 4102 si
793 4047 858 4102 te
890 4040 1103 4122 pulvis
1133 4036 1575 4121 strepitusque
1607 4044 1917 4114 rotarum,
