3109 4817
534 205 657 268 282
1426 204 1870 269 HORATII

531 380 769 443 Rufam
798 386 913 444 aut
942 379 1247 443 Posillam
1278 380 1567 464 appellet
1594 379 1878 465 fortique
1909 381 2141 445 marito

527 492 817 556 destinet
846 514 1137 570 uxorem,
1171 492 1523 556 interdicto
1553 492 1706 556 huic
1737 515 1928 557 omne
1959 495 2204 560 adimat
2229 496 2332 560 ius

528 612 813 691 praetor,
846 613 915 669 et
944 605 1027 668 ad
1060 627 1252 670 sanos
1282 606 1478 670 abeat
1507 606 1716 670 tutela
1744 607 2166 693 propinquos.

528 718 733 804 quid?
788 718 993 802 siquis
1024 724 1293 802 gnatam
1324 739 1445 802 pro
1476 725 1659 781 muta
1688 717 1976 783 devovet
2004 742 2196 804 agna,

526 829 788 916 integer
817 837 919 894 est
948 830 1198 895 animi?
1267 853 1353 894 ne
1383 831 1649 896 dixeris,
1755 853 1913 917 ergo
1944 833 2058 896 ubi
2088 855 2290 917 prava
2645 865 2745 898 220

528 945 827 1022 stultitia,
858 944 965 1007 hic
996 966 1249 1008 summa
1278 949 1381 1007 est
1407 943 1694 1008 insania:
1746 947 1856 1030 qui
1886 946 2258 1025 sceleratae,

530 1064 600 1121 et
628 1057 908 1121 furiosus
942 1057 1101 1120 erit:
1151 1078 1345 1141 quem
1375 1056 1551 1142 cepit
1579 1057 1792 1121 vitrea
1819 1057 2012 1138 fama,

526 1170 701 1233 hunc
731 1169 1193 1234 circumtonuit
1220 1169 1515 1255 gaudens
1552 1170 1823 1234 Bellona
1851 1171 2160 1236 cruentis.

528 1304 703 1345 nunc
733 1304 859 1367 age
888 1281 1213 1345 luxuriam
1244 1289 1314 1346 et
1340 1279 1831 1346 Nomentanum
1860 1285 2074 1369 arripe
2103 1307 2394 1350 mecum:

526 1395 750 1459 vincet
779 1396 953 1458 enim
984 1396 1220 1460 stultos
1250 1394 1417 1458 ratio
1446 1395 1732 1460 insanire
1761 1403 2059 1481 nepotes.
2640 1431 2738 1478 225

531 1507 639 1571 hic
667 1507 861 1571 simul
888 1509 1142 1592 accepit
1170 1507 1525 1592 patrimoni
1554 1508 1730 1572 mille
1761 1509 2030 1588 talenta,

529 1620 748 1699 edicit,
780 1622 1065 1706 piscator
1099 1620 1219 1699 uti,
1252 1620 1605 1706 pomarius,
1635 1643 1896 1706 aucepS,

530 1733 1003 1819 unguentarius
1034 1755 1108 1796 ac
1137 1733 1331 1798 Tusci
1362 1734 1558 1797 turba
1585 1733 1788 1819 impia
1814 1735 1967 1815 vici,

529 1869 677 1910 cum
708 1848 946 1911 scurris
976 1847 1199 1924 fartor,
1232 1867 1382 1910 cum
1409 1844 1699 1910 Velabro
1732 1869 1924 1912 omne
1953 1851 2296 1914 macellum

527 1981 718 2022 mane
749 1959 1012 2023 domum
1044 1957 1334 2022 veniant.
1442 1958 1598 2043 quid
1631 1961 1822 2024 tum?
1891 1983 2132 2026 venere
2163 1963 2557 2049 frequentes,
2641 1994 2742 2041 230

528 2073 731 2135 verba
758 2072 915 2134 facit
944 2071 1115 2149 lcn0,
1147 2075 1168 2104 ‘
1192 2070 1503 2156 quicquid
1532 2072 1718 2150 1111111,
1753 2073 2061 2158 quicquid
2092 2082 2163 2139 et
2189 2075 2421 2140 horum

530 2184 762 2269 cuique
793 2183 969 2247 domi
1002 2189 1125 2260 est,
1156 2183 1225 2246 id
1256 2182 1449 2246 crede
1481 2190 1668 2247 tuum
1699 2193 1768 2248 et
1797 2186 1905 2249 vel
1933 2207 2108 2250 nunc
2138 2194 2291 2272 pete
2319 2191 2428 2253 vel
2457 2191 2650 2254 cras'.

528 2298 747 2382 accipe
782 2297 937 2383 quid
968 2305 1195 2361 contra
1222 2298 1381 2361 haec
1410 2297 1668 2362 iuvenis
1697 2299 2109 2384 responderit
2137 2323 2417 2386 aequus:

535 2416 554 2445 ‘
572 2411 641 2473 in
670 2412 824 2474 nive
857 2411 1119 2474 Lucana
1149 2409 1394 2475 dormis
1426 2419 1748 2490 ocreatus,
1781 2419 1857 2475 ut
1885 2434 2116 2496 aprum

532 2545 759 2587 cenem
790 2545 936 2608 eg0.
1041 2530 1114 2587 tu
1143 2523 1354 2608 pisces
1385 2523 1662 2588 hiberno
1693 2546 1774 2588 ex
1805 2547 2086 2609 aequore
2115 2527 2344 2591 verris.
2644 2558 2744 2607 ²35

534 2638 755 2722 segnis
786 2659 934 2722 ego,
966 2636 1280 2721 indignus
1313 2638 1427 2723 qui
1457 2644 1716 2701 tantum
1745 2639 2135 2723 possideam.
2239 2642 2440 2705 aufer.

531 2772 715 2813 sume
745 2750 869 2813 tibi
898 2750 1182 2814 deciens.
1288 2751 1413 2815 tibi
1442 2750 1852 2815 tantundem.
1957 2753 2080 2816 tibi
2110 2752 2372 2838 triplex,

532 2863 706 2927 unde
736 2885 901 2927 uxor
927 2863 1143 2927 media
1172 2864 1376 2928 currit
1404 2865 1487 2928 de
1516 2871 1711 2928 nocte
1740 2867 2026 2930 vocata’.

531 2977 702 3040 filius
738 2976 979 3061 Aesopi
1010 2977 1370 3041 detractam
1402 3001 1483 3041 ex
1514 2999 1670 3041 aure
1701 2977 2032 3057 Metellae,

532 3090 781 3154 scilicet
808 3096 884 3153 ut
912 3090 1173 3154 deciens
1208 3090 1487 3154 solidum
1516 3092 1920 3170 absorberet,
1951 3099 2136 3157 aceto
2643 3125 2745 3170 240

533 3203 726 3268 diluit
751 3203 1079 3288 insignem
1110 3203 1371 3266 bacam:
1423 3205 1535 3288 qui
1565 3205 1782 3268 sanior
1811 3227 1884 3268 ac
1915 3205 1971 3268 si

530 3317 693 3380 illud
719 3316 895 3379 idem
923 3315 993 3378 111
1024 3317 1323 3401 rapidum
1354 3317 1597 3380 flumen
1626 3317 1950 3381 iaceretve
1982 3319 2315 3384 cloacam?

535 3428 762 3508 Quinti
790 3428 1139 3515 progenies
1168 3429 1345 3508 Arri,
1377 3451 1496 3514 par
1523 3429 1744 3493 nobile
1773 3429 2069 3509 fratrum,

530 3541 825 3628 nequitia
855 3549 923 3607 et
950 3543 1169 3627 nugis,
1203 3563 1551 3626 pravorum
1583 3549 1652 3606 et
1679 3565 1898 3606 amore
1929 3545 2304 3628 gemellum,

530 3654 835 3718 luscinias
866 3655 1040 3719 soliti
1069 3654 1345 3739 inpenso
1371 3654 1692 3739 prandere
1723 3663 2077 3740 coemptaS,
2642 3689 2742 3738 ²45

534 3792 841 3855 quorsum
869 3769 1158 3834 abeant?
1206 3769 1393 3833 sanin
1423 3776 1622 3848 creta,
1655 3792 1738 3833 an
1769 3771 2048 3835 carbone
2076 3771 2338 3837 notati?

530 3882 869 3946 aedificare
898 3903 1100 3960 casas,
1133 3882 1432 3967 plostello
1462 3882 1824 3967 adiungere
1854 3905 2094 3963 murce,

529 3994 753 4058 ludere
782 4015 901 4078 par
927 3995 1158 4080 impar,
1192 3995 1483 4079 equitare
1511 3994 1582 4057 in
1610 3994 1972 4058 harundine
2002 3995 2201 4080 longa
