3109 4817
1014 160 1755 227 EPISTULARUM
1816 161 1852 224 I
1912 164 1951 225 2

379 370 606 412 rursus
637 347 799 433 quid
827 348 1040 413 virtus
1070 355 1139 413 et
1169 348 1330 433 quid
1359 346 1679 432 sapientia
1706 348 1936 433 possit,

380 460 540 524 utile
570 460 910 545 proposuit
936 460 1128 525 nobis
1157 460 1489 546 exemplar
1517 460 1782 540 Ulixen,

382 571 494 657 qui
523 572 807 637 domitor
834 572 1062 637 Troiae
1091 574 1448 637 multorum
1477 572 1790 657 providus
1819 575 2017 639 urbes

379 692 447 748 et
474 706 688 748 mores
715 686 1055 749 hominum
1085 684 1394 770 inspexit,
1425 686 1765 771 latumque
1794 708 1913 772 per
1939 708 2207 772 aequor,

378 796 538 860 dum
568 796 716 874 sibi,
748 796 910 861 dum
939 797 1130 861 sociis
1159 797 1446 863 reditum
1475 804 1684 883 parat,
1716 820 1947 883 aspera
1972 800 2181 865 multa

379 908 669 993 pertulit,
700 909 991 973 adversis
1021 931 1240 974 rerum
1267 910 1701 975 inmersabilis
1729 911 1946 976 undis.

385 1020 687 1085 Sirenum
716 1042 912 1085 voces
942 1028 1012 1086 et
1043 1019 1272 1085 Circae
1300 1022 1532 1105 pocula
1560 1022 1771 1087 nosti:

381 1155 548 1216 quae
578 1133 635 1197 si
665 1156 816 1197 cum
843 1133 1034 1198 sociis
1063 1133 1308 1199 skalkos
1335 1133 1747 1219 cupidusque
1778 1133 2077 1215 bibisset,

379 1246 502 1309 sub
532 1245 795 1309 domina
823 1246 1163 1337 meretrice
1191 1246 1426 1311 fuisset
1451 1247 1665 1331 turpis
1696 1254 1765 1311 et
1793 1267 2041 1327 excors,

378 1358 654 1422 vixisset
682 1358 860 1423 canis
887 1358 1242 1422 inmundus
1271 1358 1380 1424 vel
1409 1358 1619 1423 amica
1645 1360 1789 1423 luto
1818 1382 1949 1424 sus·

377 1490 498 1533 nos
525 1491 840 1534 numerus
870 1492 1100 1534 sumus
1131 1476 1200 1533 et
1228 1470 1456 1555 fruges
1484 1492 1867 1535 consumere
1896 1472 2057 1551 nati,

381 1585 604 1669 sponsi
633 1572 1020 1671 Penelopae,
1051 1586 1433 1665 nebulones,
1465 1586 1857 1672 Alcinoique

378 1696 448 1761 in
479 1704 630 1761 cute
659 1698 946 1762 curanda
973 1698 1123 1784 plus
1151 1720 1358 1783 aequo
1390 1706 1657 1783 operata
1682 1699 2014 1778 iuventus,

379 1810 488 1873 cui
515 1810 860 1895 pulchrum
889 1810 1014 1875 fuit
1040 1810 1110 1874 in
1139 1810 1392 1875 medios
1420 1811 1703 1875 dormire
1734 1811 1873 1875 dies
1904 1818 1973 1875 et

379 1922 463 1985 ad
497 1922 848 2007 strepitum
877 1922 1162 1987 citharae
1191 1930 1517 1987 cessatum
1546 1923 1787 1987 ducere
1815 1946 2058 1988 curam.

383 2041 459 2099 ut
485 2034 792 2119 iugulent
819 2035 1173 2114 hominem,
1205 2041 1489 2121 surgunt
1517 2036 1601 2099 de
1628 2043 1822 2100 nocte
1850 2036 2169 2101 latrones:

382 2153 459 2212 ut
487 2155 554 2212 te
583 2148 802 2232 ipsum
831 2170 1073 2227 serves,
1103 2169 1236 2212 non
1267 2147 1791 2233 expergisceris?
1836 2148 2022 2233 atqui

381 2259 438 2323 si
465 2261 649 2325 noles
678 2282 898 2339 sanus,
928 2281 1148 2325 curres
1176 2259 1610 2345 hydropicum
1657 2266 1726 2323 et
1751 2259 1823 2323 ni

381 2394 609 2456 posces
638 2378 792 2437 ante
821 2372 996 2437 diem
1027 2372 1270 2437 librum
1299 2395 1450 2437 cum
1477 2372 1747 2451 lumine,
1784 2372 1841 2436 si
1866 2393 2001 2437 non

380 2484 682 2575 intendes
711 2484 1004 2549 animum
1033 2484 1268 2551 studiis
1299 2491 1368 2549 et
1394 2485 1592 2550 rebus
1620 2484 1935 2563 honestis,

379 2596 626 2662 invidia
652 2598 760 2661 vel
788 2618 1005 2661 amore
1033 2597 1198 2682 vig-il
1225 2598 1637 2681 torquebere.
1738 2618 1893 2661 nam
1920 2619 2039 2661 cur

383 2731 548 2794 quae
575 2710 848 2773 laedunt
876 2710 1138 2773 oculum
1167 2709 1436 2775 festinas
1465 2710 1748 2788 demere,
1780 2710 1997 2795 siquid

383 2830 484 2886 est
509 2821 823 2901 animum,
855 2822 1076 2886 differs
1106 2823 1374 2886 curandi
1408 2829 1671 2908 tempus
1698 2822 1768 2886 in
1797 2825 2087 2886 annum?

381 2936 724 3001 dimidium
752 2936 907 3000 facti
937 2936 1048 3021 qui
1077 2936 1293 3021 coepit
1318 2936 1553 3000 habet:
1602 2957 1827 3019 sapere
1856 2935 2058 2999 aude:

381 3048 616 3133 incipe.
721 3048 833 3133 qui
859 3055 1036 3112 recte
1065 3048 1332 3113 vivendi
1361 3053 1673 3132 prorogat.
1698 3047 1947 3124 horam,

382 3160 663 3225 rusticus
694 3166 1000 3244 expectat
1027 3160 1188 3223 dum
1217 3159 1466 3222 defluat.
1492 3158 1737 3221 amnis:
1792 3158 1996 3221 atille

382 3272 626 3337 labitur
654 3277 722 3335 et
748 3272 1008 3336 labetur
1034 3271 1104 3335 in
1134 3292 1326 3335 omne
1356 3270 1661 3334 volubilis
1690 3290 1947 3333 aevum.

387 3385 720 3470 quaeritur
747 3393 1096 3470 argentum
1129 3383 1477 3467 puerisque
1506 3382 1698 3445 beata
1727 3379 2019 3444 creandis

385 3518 550 3561 uxor
579 3504 648 3562 et
673 3497 958 3561 incultae
987 3500 1305 3581 pacantur
1331 3514 1597 3558 vomere
1626 3492 1849 3557 silvae.

386 3609 561 3694 quod
591 3609 749 3673 satis
780 3615 882 3673 est
910 3607 1017 3672 cui
1047 3605 1394 3691 contingit,
1423 3604 1587 3667 nihil
1614 3604 1891 3687 amplius
1921 3609 2123 3689 optet.

382 3743 514 3786 non
542 3722 774 3786 domus
806 3729 874 3785 et
903 3720 1166 3797 funduS,
1196 3740 1330 3782 non
1359 3716 1524 3781 aeris
1549 3737 1822 3779 acervus
1853 3724 1922 3780 et
1949 3716 2089 3779 auri

384 3840 652 3919 aegroto
681 3833 929 3897 domini
956 3830 1234 3897 deduxit
1261 3851 1528 3915 corpore
1558 3828 1794 3907 febres,

384 3966 508 4007 non
542 3945 760 4009 animo
788 3967 1010 4010 curas:
1058 3944 1272 4008 valeat
1300 3962 1633 4027 possessor
1662 3948 1939 4027 oportet,

2450 162 2575 228 311

2512 716 2579 751 20

2510 1279 2574 1328 ²5

2513 1842 2579 1891 30

2478 2404 2575 2481 ,35

2504 2968 2573 3015 40

2503 3525 2571 3574 45
