3109 4817
571 190 700 255 334
1477 188 1923 254 HORA'PII

1571 1710 1784 1775 XIIII

787 1960 916 2023 ILI
926 1958 1034 2025 GE
1065 1958 1372 2023 silvarum
1403 1965 1472 2023 et
1499 1958 1661 2021 mihi
1691 1980 1795 2021 me
1824 1958 2159 2022 reddentis
2188 1958 2404 2043 agelli,

585 1952 773 2149 V
788 2094 981 2158 quem
1011 2079 1086 2136 tu
1113 2070 1367 2136 fastidis
1396 2072 1765 2137 habitatum
1796 2071 2084 2156 quinque
2113 2071 2273 2135 focis
2306 2080 2373 2135 et

575 2185 859 2270 quinque
889 2186 1096 2249 bonos
1126 2185 1388 2248 solitum
1417 2182 1685 2247 Variam
1714 2184 2046 2248 dimittere
2076 2190 2317 2269 patrea,

570 2304 916 2376 certemus,
949 2297 1168 2383 spinas
1197 2296 1498 2361 animone
1530 2318 1657 2381 ego
1686 2297 1918 2361 fortius
1946 2318 2032 2361 an
2062 2304 2135 2360 tu

489 2438 504 2456 ·
572 2410 810 2474 evellas
839 2431 1022 2495 agre,
1055 2418 1124 2474 et
1151 2410 1380 2473 melior
1409 2409 1496 2474 sit
1525 2409 1841 2473 Horatius
1870 2430 1955 2473 an
1984 2431 2109 2474 res,

567 2544 674 2585 me
706 2524 1000 2607 quamvis
1033 2523 1294 2585 Lamiae
1324 2522 1534 2607 pietas
1566 2528 1636 2585 et
1664 2544 1819 2585 cura
1846 2530 2158 2600 moratur,

569 2634 834 2697 fratrem
863 2634 1236 2713 maerentiS,
1267 2640 1456 2717 rapto
1485 2632 1570 2697 de
1600 2634 1799 2696 fratre
1828 2634 2109 2698 dolentis

567 2745 1014 2825 insolabiliter,
1048 2754 1267 2810 tamen
1295 2746 1466 2810 istuc
1496 2768 1683 2809 mens
1712 2745 2097 2831 animusque

568 2858 696 2922 fert
725 2865 794 2922 et
821 2866 997 2922 amat
1025 2858 1252 2943 spatiis
1283 2857 1613 2923 obstantia
1640 2880 1941 2944 rumpere
1974 2859 2274 2923 claustra.

567 2992 716 3034 rure
747 2992 872 3055 ego
901 2971 1258 3048 viventem,
1290 2977 1367 3035 tu
1394 2970 1558 3035 dieis
1586 2970 1657 3033 in
1687 2971 1851 3035 urbe
1881 2971 2170 3035 beatum.

565 3082 670 3145 cui
699 3084 914 3167 placet
941 3084 1229 3162 alterius,
1261 3104 1378 3147 sua
1406 3084 1715 3146 nimirum
1746 3090 1849 3147 est
1878 3082 2028 3146 odio
2059 3104 2220 3147 sors.

565 3196 804 3261 stultus
834 3203 1108 3281 uterque
1137 3197 1352 3259 locum
1379 3195 1757 3259 inmeritum
1787 3202 2089 3260 causatur
2116 3196 2373 3280 inique:

563 3310 634 3373 in
663 3311 853 3396 culpa
887 3316 989 3374 est
1017 3310 1293 3389 animus,
1327 3310 1438 3394 qui
1468 3330 1538 3373 se
1568 3332 1702 3373 non
1734 3309 1971 3395 effugit
1998 3331 2326 3394 umquam.

563 3430 638 3487 tu
665 3423 1091 3487 mediastinus
1121 3422 1321 3486 tacita
1349 3444 1542 3508 prece
1572 3444 1725 3485 rura
1752 3422 2047 3507 petebas,

562 3558 736 3601 nunc
766 3537 996 3600 urbem
1027 3544 1095 3601 et
1121 3536 1310 3600 ludos
1340 3541 1409 3599 et
1437 3536 1671 3600 balnea
1698 3535 1930 3599 viJicus
1962 3542 2150 3620 optas
2176 3560 2189 3597 :

563 3671 669 3714 me
693 3646 994 3713 'constare
1024 3648 1184 3711 mihi
1215 3648 1340 3713 scis
1377 3655 1445 3712 et
1473 3648 1807 3713 discedere
1838 3647 2116 3724 tristem,

541 3762 1100 3847 ‘quandocumque
1130 3760 1400 3824 trahunt
1426 3760 1641 3825 invisa
1667 3760 1937 3846 negotia
1966 3760 2258 3823 Romam.

560 3894 693 3936 non
724 3874 951 3937 eadem
980 3874 1321 3936 miramur:
1377 3894 1454 3937 eo
1485 3874 1897 3941 disconvenit
1923 3873 2098 3936 inter

561 4007 794 4070 meque
825 3993 893 4050 et
921 3994 1009 4050 te.
1111 4008 1258 4048 nam
1297 4008 1459 4070 quae
1489 3986 1751 4051 deserta
1780 3994 1848 4050 et
1876 3986 2207 4070 inhospita
2235 3993 2466 4069 tesqua

2712 3000 2779 3035 10
