3109 4817
549 186 673 247 328
1426 183 1877 249 HORATII

557 370 843 435 deterius
877 370 1137 455 Libycis
1169 371 1301 434 olet
1328 376 1442 433 aut
1470 370 1641 435 nitet
1668 370 1871 434 herba
1899 369 2182 455 lapillis?

556 483 777 567 purior
805 483 874 545 in
904 482 1066 546 vicis
1095 505 1261 568 aqua
1291 483 1506 569 tendit
1533 505 1835 567 rumpere
1866 483 2227 567 plumbum,

561 617 754 681 quam
787 618 949 680 quae
979 619 1098 681 per
1128 618 1405 681 pronum
1435 596 1722 681 trepidat
1749 619 1897 660 cum
1928 618 2257 659 murmure
2288 594 2499 659 rivum
2529 596 2557 658 ⁴?

558 730 793 793 nempe
824 709 995 772 inter
1023 708 1234 773 varias
1264 709 1550 772 nutritur
1580 709 1745 772 silva
1774 710 2128 788 columnas,

557 820 984 906 laudaturque
1015 821 1246 885 domus
1274 822 1509 905 longos
1543 843 1707 905 quae
1737 822 2052 906 prospicit
2080 844 2294 905 agros

559 941 858 997 naturam
893 935 1178 1019 expelles
1211 935 1410 1011 furca,
1443 940 1663 997 tamen
1693 956 1898 1019 usque
1928 941 2220 997 recurret

563 1054 633 1109 et
661 1046 830 1109 mala
859 1053 1236 1131 perrumpet
1265 1045 1490 1109 furtim
1521 1045 1781 1110 fastidia
1807 1045 2065 1109 victrix.

561 1180 693 1222 non
728 1159 838 1243 qui
873 1158 1138 1223 Sidonio
1170 1158 1565 1223 contendere
1597 1158 1865 1222 callidus
1897 1166 2074 1222 ostro

559 1272 770 1335 nescit
799 1271 1196 1356 Aquinatem
1225 1272 1522 1356 potantia
1549 1272 1793 1336 vellera
1821 1270 2063 1348 fucum,

563 1384 802 1447 certius
833 1383 1108 1468 accipiet
1138 1384 1448 1447 damnum
1478 1383 1830 1468 propiusve
1862 1383 2163 1447 medullis

566 1518 757 1581 quam
790 1495 900 1580 qui
928 1518 1061 1559 non
1091 1496 1336 1580 poterit
1364 1518 1520 1560 vero
1551 1496 1960 1581 distinguere
1995 1496 2247 1559 falsum.

562 1631 756 1693 quem
783 1631 888 1672 res
920 1610 1066 1692 plus
1092 1609 1295 1672 nimio
1326 1608 1731 1672 delectavere
1764 1608 2106 1686 secundae,

561 1727 848 1784 mutatae
882 1720 1193 1804 quatient.
1299 1721 1514 1805 siquid
1544 1722 1886 1799 mirabere,
1919 1742 2121 1805 pones

563 1832 827 1897 invitus.
934 1833 1088 1917 fuge
1118 1854 1392 1917 magna:
1438 1833 1595 1896 licet
1624 1834 1746 1897 sub
1776 1854 2061 1918 paupere
2094 1838 2269 1895 tecto

511 1982 522 1992 -
562 1966 753 2029 reges
785 1952 852 2007 et
879 1965 1112 2029 regum
1142 1944 1281 2008 vita
1309 1965 1723 2028 praecurrere
1754 1945 2013 2008 amicos.

563 2079 793 2120 cervus
825 2078 1065 2140 equum
1093 2078 1318 2140 pugna
1347 2056 1576 2120 melior
1604 2058 2055 2121 communibus
2083 2055 2305 2119 herbis

563 2170 869 2254 pellebat,
902 2168 1108 2232 donec
1137 2168 1350 2232 minor
1377 2169 1446 2231 in
1482 2170 1835 2233 certamine
1865 2170 2065 2254 longo

564 2280 937 2366 imploravit
967 2302 1123 2365 opes
1153 2280 1435 2345 hominis
1463 2281 1849 2365 frenumque
1878 2282 2144 2365 recepit.

566 2394 681 2457 sed
713 2402 1056 2478 postquam
1085 2394 1262 2458 victo
1291 2394 1511 2457 ridens
1541 2394 1843 2458 discessit
1870 2394 1953 2458 ab
1984 2395 2194 2470 hoste,

565 2529 698 2570 non
734 2507 1019 2591 equitem
1050 2506 1264 2583 dorso,
1295 2528 1427 2569 non
1457 2506 1715 2569 frenum
1746 2507 2000 2591 depulit
2030 2528 2159 2569 ore.

566 2619 658 2681 sic
691 2618 803 2702 qui
834 2617 1208 2702 pauperiem
1235 2618 1485 2683 veritus
1515 2618 1769 2703 potiore
1800 2618 2077 2683 metallis

566 2733 867 2797 libertate
898 2742 1096 2812 caret,
1129 2733 1465 2798 dominum
1495 2735 1698 2799 vehet
1724 2735 2059 2819 improbus
2089 2739 2285 2817 atque

572 2846 815 2911 serviet
844 2853 1203 2925 aeternum,
1238 2847 1388 2931 quia
1415 2868 1622 2932 parvo
1652 2847 1902 2911 nesciet
1930 2848 2051 2913 uti.

567 2961 672 3024 cui
701 2983 833 3023 non
863 2960 1208 3024 conveniet
1237 2982 1357 3023 sua
1385 2982 1512 3037 reS,
1545 2967 1621 3023 ut
1649 2960 1901 3024 calceus
1930 2959 2106 3037 olim,

569 3072 625 3136 si
655 3074 823 3158 pede
851 3072 1056 3135 maior
1085 3074 1230 3150 erit,
1263 3074 1628 3149 subvertet,
1661 3073 1717 3138 si
1745 3073 1980 3151 minor,
2012 3078 2176 3135 uret.

573 3186 782 3249 laetus
813 3192 987 3249 sorte
1020 3193 1130 3248 tua
1158 3184 1343 3249 vives
1374 3184 1723 3269 sapienter,
1754 3184 1985 3263 Aristi,

569 3320 690 3362 nec
720 3320 825 3361 me
856 3297 1148 3362 dimittes
1177 3297 1662 3381 incastigatum,
1695 3298 1808 3360 ubi
1838 3298 2023 3381 plura

573 3432 806 3495 cogere
839 3432 1031 3495 quam
1062 3410 1225 3474 satis
1256 3416 1360 3473 est
1385 3432 1460 3473 ac
1489 3431 1622 3473 non
1652 3432 1905 3473 cessare
1936 3409 2225 3473 videbor.

568 3523 848 3606 imperat
876 3530 990 3585 aut
1019 3522 1224 3586 servit
1251 3523 1523 3586 collecta
1554 3522 1833 3606 pecunia
1862 3522 2123 3606 cuique,

569 3642 812 3699 tortum
841 3636 1044 3720 digna
1073 3635 1257 3720 sequi
1287 3635 1505 3720 potius
1538 3657 1733 3719 quam
1764 3635 1999 3699 ducere
2032 3634 2269 3698 funem.

574 3748 735 3811 haec
765 3748 889 3811 tibi
917 3747 1242 3827 dictabam
1271 3754 1423 3832 post
1452 3747 1674 3811 fanum
1704 3755 1897 3832 putre
1926 3747 2260 3825 Vacunae,

569 3868 842 3944 excepto
876 3860 1048 3945 quod
1078 3882 1209 3923 non
1242 3860 1435 3924 simul
1466 3883 1643 3925 esses
1674 3868 1891 3925 cetera
1916 3862 2143 3925 laetus.

2708 508 2773 541 20

2712 1635 2781 1682 30

2714 2196 2778 2244 35

2708 2764 2781 2809 40

2712 3326 2779 3374 4⁵

2725 3894 2785 3941 50
