3109 4817
560 161 685 226 322
1430 159 1872 225 HORATII

562 341 583 371 ‘
602 343 738 400 tam
768 343 997 399 teneor
1026 335 1199 398 dono
1233 357 1425 420 quam
1454 335 1510 398 si
1539 335 1833 400 dimittar
1863 344 2134 401 onustus
2149 339 2191 401 ³.

563 455 584 484 ‘
602 455 679 513 ut
705 449 904 513 libet:
957 449 1116 512 haec
1145 447 1358 532 porcis
1388 447 1583 512 hodie
1613 449 2012 513 comedenda
2038 450 2420 535 relinques'.

558 562 872 647 prodigus
903 569 971 625 et
998 561 1237 625 stultus
1267 560 1470 625 donat
1500 583 1664 645 quae
1696 561 1946 646 spernit
1975 569 2044 626 et
2073 562 2250 626 odit:

558 674 717 738 haec
752 696 943 759 seges
970 674 1265 759 ingratos
1294 673 1447 738 tulit
1476 681 1545 738 et
1573 675 1741 738 feret
1770 674 2071 739 omnibus
2101 675 2310 740 annin.

561 786 665 850 vir
691 787 903 850 bonus
933 794 1001 850 et
1031 787 1287 872 sapiens
1318 785 1537 872 dignis
1567 786 1661 850 ait
1689 808 1832 851 esse
1860 795 2161 871 paratus:

561 921 683 962 nec
713 905 930 964 tamen
959 900 1222 984 ignorat
1253 899 1407 985 quid
1437 899 1689 964 distent
1716 921 1866 964 aera
1897 900 2160 985 lupinis.

558 1011 833 1096 dignum
859 1013 1205 1096 praestabo
1233 1034 1339 1076 me
1370 1013 1570 1077 etiam
1601 1034 1718 1096 pro
1746 1012 1938 1076 laude
1967 1014 2298 1080 merentis·

561 1125 791 1210 quodsi
817 1147 923 1189 me
952 1126 1135 1190 noles
1164 1147 1438 1211 usquam
1468 1124 1825 1204 discedere,
1856 1126 2092 1190 reddes

558 1237 724 1302 forte
753 1239 946 1318 latus,
976 1238 1202 1324 nigros
1232 1244 1513 1323 angusta
1542 1237 1756 1301 fronte
1787 1238 2073 1322 capillos,

554 1350 790 1414 reddes
820 1351 1007 1414 dulce
1034 1351 1236 1436 loqui,
1271 1349 1507 1414 reddes
1535 1350 1749 1413 ridere
1779 1350 2086 1415 decorum
2117 1359 2186 1416 et

553 1464 728 1527 inter
754 1463 908 1526 vina
936 1462 1161 1548 fugam
1196 1463 1465 1527 Cinarae
1494 1484 1782 1526 maerere
1813 1469 2179 1546 protervae.

556 1575 723 1640 forte
752 1598 871 1661 per
898 1582 1243 1660 angustam
1276 1575 1490 1639 tenuis
1518 1575 1862 1659 vulpecula
1887 1575 2114 1640 rimam

558 1695 853 1772 repserat
880 1689 1306 1768 innumeram
1334 1687 1667 1766 frumenti,
1698 1693 2014 1773 pastaque
2041 1712 2264 1754 rursus

554 1801 648 1865 ire
678 1801 849 1865 foras
878 1801 1073 1885 pleno
1102 1800 1415 1864 tendebat
1444 1821 1714 1885 corpore
1743 1800 2001 1865 frustra.

554 1915 660 1978 cui
687 1915 965 1978 mustela
992 1914 1218 1998 procul
1249 1917 1270 1947 ‘
1288 1913 1343 1976 si
1372 1913 1503 1978 vis’
1534 1913 1630 1976 ait
1659 1917 1678 1947 ‘
1703 1914 1992 1998 effugere
2020 1914 2239 1994 istinc,

552 2049 769 2091 macra
796 2049 1026 2090 cavum
1055 2032 1311 2110 repetes
1340 2031 1578 2104 artum,
1613 2048 1805 2111 quem
1833 2049 2050 2090 macra
2079 2029 2366 2094 subisti’.

554 2141 675 2204 hac
704 2161 829 2223 ego
860 2139 916 2202 si
945 2139 1295 2223 compellor
1322 2137 1632 2222 imagine,
1664 2145 1900 2202 cuncta
1927 2139 2229 2225 resign03

553 2273 675 2316 nec
704 2271 1004 2315 somnum
1032 2250 1241 2335 plebis
1272 2249 1463 2314 laudo
1494 2257 1676 2314 satur
1701 2250 1997 2330 altilium,
2028 2273 2150 2316 nec

487 2364 689 2428 „otia
718 2343 975 2428 divitfis‘
993 2363 1287 2426 Arabum
1313 2362 1646 2427 uben-ima.
1672 2369 1876 2428 muto.

556 2497 749 2560 saepe
774 2474 1214 2541 verecundum
1242 2475 1544 2554 laudasti,
1574 2497 1824 2561 rexque
1850 2484 2164 2561 paterque

554 2588 795 2652 audisti
824 2609 1062 2666 coram,
1093 2609 1215 2651 nec
1244 2588 1448 2652 verbo
1478 2588 1734 2673 parcius
1763 2589 2034 2653 absens:

552 2700 801 2784 inspice
831 2701 887 2763 si
916 2721 1179 2784 possum
1210 2700 1451 2764 donata
1476 2721 1794 2785 reponere
1821 2702 2052 2766 laetus.

555 2813 716 2876 haut
742 2814 909 2877 male
939 2812 1382 2891 Telemachus,
1414 2814 1630 2897 proles
1658 2813 1968 2898 patientis
1999 2813 2202 2894 Ulixi,

556 2930 578 2960 ‘
596 2947 728 2989 non
759 2933 861 2989 est
888 2932 1080 3010 aptus
1109 2925 1293 3010 equis
1322 2925 1548 2990 Ithace
1576 2926 1780 3005 locus,
1811 2933 1887 2990 ut
1914 2948 2127 3011 neque
2157 2927 2366 3012 planis

557 3044 891 3121 porrectus
922 3035 1148 3121 spatiis
1177 3056 1298 3100 nec
1326 3036 1571 3100 multae
1600 3037 1914 3122 prodigus
1944 3037 2220 3102 herbae:

556 3149 813 3227 Atride,
843 3148 1054 3234 magis
1084 3155 1237 3233 apta
1264 3149 1387 3212 tibi
1416 3155 1529 3213 tua
1558 3149 1730 3213 dona
1756 3149 2169 3235 relinquam'.

556 3285 829 3347 parvum
858 3283 1060 3346 parva
1088 3261 1357 3325 decent:
1403 3262 1566 3324 mihi
1592 3263 1724 3324 iam
1751 3284 1886 3326 non
1914 3264 2098 3349 regia
2127 3263 2356 3342 Roma,

558 3374 675 3439 sed
703 3395 980 3438 vacuum
1008 3373 1210 3437 Tibur
1237 3375 1451 3459 placet
1478 3381 1593 3438 aut
1619 3375 1859 3440 inbelle
1889 3375 2261 3441 Tarentum.

561 3493 863 3551 strenuus
889 3493 958 3550 et
985 3487 1171 3550 fortis
1201 3486 1537 3572 causisque
1569 3486 1908 3573 Philippus
1937 3488 2212 3573 agendis

563 3601 794 3678 clarus,
824 3600 908 3663 ab
938 3599 1161 3662 officiis
1193 3604 1488 3662 octavam
1518 3599 1775 3663 circiter
1803 3600 2028 3664 horam

562 3713 718 3775 dum
746 3712 919 3775 redit
946 3717 1143 3796 atque
1171 3712 1311 3775 foro
1338 3712 1613 3775 nimium
1642 3712 1884 3776 distare
1919 3712 2181 3777 Carinas

558 3824 688 3888 iam
717 3824 983 3909 grandis
1011 3830 1171 3886 natu
1202 3825 1512 3909 queritur,
1544 3824 1904 3909 conspexit,
1937 3830 2011 3888 ut
2037 3825 2242 3903 aiunt,

560 3937 856 4000 adrasum
890 3937 1211 4021 quendam
1240 3959 1443 4000 vacua
1472 3938 1752 4004 tonsoris
1779 3937 1849 4000 in
1877 3938 2106 4001 umbra

2703 592 2771 626 20

2697 1721 2762 1768 30

2697 2285 2761 2334 35

2683 3411 2752 3458 45

2691 3972 2754 4019 50
