3109 4817
615 189 740 253 338
1487 187 1930 253 HORATII

1649 2050 1814 2114 XVI

651 2268 838 2468 N
869 2277 925 2341 Ε
956 2276 1355 2362 perconteris
1388 2275 1629 2339 fundus
1659 2297 1865 2353 mene,
1898 2276 2142 2361 optime
2178 2272 2461 2355 Quincti,

914 2412 1070 2453 arvo
1101 2396 1325 2473 pascat
1353 2410 1536 2451 erum
1567 2410 1650 2450 an
1681 2387 1860 2451 bacis
1893 2388 2233 2472 opulentet
2262 2385 2493 2461 olivae,

629 2503 925 2590 pomisne
955 2526 1039 2565 an
1068 2503 1270 2587 pratis
1301 2524 1384 2564 an
1414 2500 1653 2564 amicta
1681 2500 1929 2565 vitibus
1959 2501 2158 2578 ulm0,

629 2616 952 2680 scribetur
983 2615 1104 2679 tibi
1135 2615 1343 2678 forma
1370 2613 1732 2698 loquaciter
1762 2621 1831 2677 et
1860 2614 2024 2677 situs
2054 2614 2218 2698 agri.

631 2728 922 2792 continui
950 2736 1230 2806 montes,
1259 2727 1331 2789 ni
1360 2726 1792 2790 dissocientur
1822 2749 2023 2811 opaca

631 2841 825 2919 valle,
856 2841 971 2904 sed
1002 2849 1076 2904 ut
1104 2840 1377 2903 veniens
1408 2838 1712 2902 dextrum
1742 2840 1914 2903 latus
1944 2839 2216 2923 aspiciat
2244 2838 2363 2913 sol,

633 2954 892 3017 laevum
921 2952 1244 3016 decedens
1276 2974 1468 3015 curru
1497 2952 1794 3035 fugiente
1811 2960 2118 3036 vaporet.

631 3065 1013 3150 temperiem
1040 3065 1286 3129 laudes.
1393 3064 1573 3148 quid,
1605 3064 1661 3127 si
1689 3064 2049 3127 rubicunda
2080 3063 2350 3148 benigni

635 3200 831 3241 corna
862 3199 1093 3260 vepres
1126 3184 1194 3240 et
1223 3198 1432 3261 pruna
1461 3177 1725 3239 ferant?
1775 3176 1832 3239 si
1863 3198 2138 3261 quercus
2169 3184 2238 3240 et
2265 3176 2396 3239 ilex

633 3292 840 3353 multa
867 3291 1055 3374 fruge
1085 3311 1307 3374 pecus,
1339 3290 1545 3352 multa
1575 3289 1910 3352 dominum
1938 3290 2123 3352 iuvet
2151 3290 2430 3353 umbra?

635 3403 812 3466 dicas
838 3402 1194 3465 adductum
1224 3402 1493 3486 propius
1524 3402 1826 3466 frondere
1858 3402 2232 3465 Tarentum.

635 3516 780 3577 fons
811 3514 1007 3577 etiam
1038 3514 1180 3576 rivo
1211 3513 1366 3577 dare
1396 3534 1639 3577 nomen
1669 3514 1965 3592 idonem,
1998 3521 2073 3576 ut
2100 3536 2222 3576 nec

634 3627 933 3710 frigidior
961 3625 1274 3689 Thracam
1303 3648 1425 3690 nec
1455 3626 1679 3711 purior
1708 3626 1954 3690 ambiat
1984 3626 2270 3703 Hebrus,

632 3738 889 3801 infirmo
921 3738 1117 3821 capiti
1150 3738 1295 3802 fluit
1323 3738 1525 3816 utilis,
1561 3740 1737 3802 utilis
1768 3741 1935 3803 alvo,

634 3851 756 3913 hae
786 3850 1073 3913 latebrae
1104 3849 1348 3929 dulces,
1382 3851 1603 3931 etiam,
1637 3852 1693 3915 si
1721 3851 1955 3930 credis,
1986 3871 2317 3928 amoenae,

633 3961 1022 4026 incolumem
1056 3963 1178 4027 tibi
1205 3984 1310 4027 me
1342 3970 1679 4047 praestant
1710 3965 2190 4048 septembribus
2220 3963 2419 4027 horis.

2793 3318 2848 3352 10
