3109 4817
1006 176 1601 245 SERMONUM
1666 177 1748 238 II
1819 179 1878 253 2,
1954 178 1992 240 3
2451 176 2572 238 275

1422 1851 1533 1914 III

377 2091 397 2120 ‘
574 2086 667 2150 IC
699 2108 844 2150 raro
876 2086 1128 2164 scribis,
1162 2092 1237 2149 ut
1267 2092 1409 2150 toto
1443 2109 1577 2151 non
1609 2094 1839 2173 quater
1867 2110 2038 2150 anno

616 2198 1061 2261 membranam
1090 2219 1343 2282 poscae,
1375 2198 1765 2282 scriptorum
1798 2220 2093 2283 quaeque
2124 2204 2450 2275 retexcnS,

375 2311 582 2375 iratus
611 2311 736 2374 tibi
767 2310 941 2396 quod
969 2309 1109 2373 vini
1141 2310 1480 2396 somnique
1511 2311 1839 2395 benignus

375 2424 472 2486 nil
500 2424 776 2509 dignum
806 2445 1105 2486 sermone
1136 2444 1350 2487 canaS.
1444 2422 1604 2508 quid
1632 2424 1796 2488 fiet?
1843 2430 1913 2487 at
1940 2423 2100 2509 ipsis

384 2536 833 2601 Saturnalibus
863 2537 992 2600 huc
1022 2535 1252 2621 fugisti
1283 2536 1567 2600 sobrius.
1671 2559 1830 2621 ergo
2557 2566 2581 2613 5

376 2648 483 2713 dic
512 2649 755 2734 aliquid
785 2648 1059 2732 dignum
1090 2649 1447 2733 promissis.
1549 2649 1786 2734 incipe.
1890 2651 1981 2713 nil
2016 2657 2136 2716 est.

378 2764 723 2848 culpantur
751 2761 992 2825 frustra
1017 2761 1268 2839 calami,
1300 2762 1800 2848 immeritusque
1829 2764 2083 2827 laborat

378 2875 561 2939 iratis
589 2880 784 2938 natus
815 2872 1028 2958 paries
1059 2873 1160 2937 dis
1191 2880 1388 2959 atque
1419 2876 1648 2959 poetis,

379 2987 562 3073 atqui
591 2987 813 3050 vultus
843 2992 985 3049 erat
1011 2986 1219 3049 multa
1248 2993 1318 3050 et
1347 2987 1676 3071 praeclara
1705 2986 2036 3066 minantiS,

383 3101 439 3165 si
467 3122 745 3165 vacuum
775 3099 999 3184 tepido
1031 3099 1314 3182 cepisset
1341 3099 1566 3163 villula
1595 3106 1792 3162 tecto,

383 3235 692 3300 quorsum
720 3211 1040 3297 pertinuit
1067 3212 1311 3297 stipare
1343 3211 1617 3274 Platona
1648 3211 2063 3274 Menandro?

380 3307 685 3411 Eupolin,
715 3324 1203 3403 Archilochum,
1236 3322 1506 3386 comites
1539 3323 1814 3386 educere
1845 3325 2112 3388 tantos?

378 3440 693 3503 invidiam
722 3439 977 3524 placare
1006 3460 1196 3522 paras
1224 3436 1469 3500 virtute
1498 3435 1774 3499 relicta?

381 3559 821 3630 contemnere,
852 3551 1070 3615 miser.
1173 3548 1443 3613 vitanda
1473 3555 1576 3612 est
1603 3548 1900 3632 improba
1935 3548 2118 3613 Siren

379 3664 652 3742 desidia,
683 3672 798 3728 aut
829 3663 1137 3749 quicquid
1164 3662 1303 3726 vita
1331 3661 1598 3724 meliore
1628 3662 1869 3746 parasti
2523 3693 2541 3724 1
2558 3693 2582 3738 5

380 3777 755 3863 ponendum
786 3799 993 3861 aequo
1023 3777 1296 3840 animo’.
1352 3775 1419 3836 di
1450 3781 1539 3852 te,
1576 3774 1990 3859 Damasippo,
2022 3775 2311 3860 deaeque

380 3912 608 3955 verum
641 3891 725 3953 ob
755 3890 1095 3955 consilium
1125 3888 1374 3952 donent
1403 3895 1685 3951 tonsore.
1790 3888 1905 3951 sed
1937 3889 2107 3952 unde

382 4012 518 4067 tam
548 3981 857 4067 bene-me
887 4003 1061 4066 nosti
1087 4004 1113 4066 Ρ
1164 4007 1183 4035 ‘
1208 4009 1554 4086 postquam
1589 4000 1798 4064 omnis
1828 4023 1932 4065 res
1962 4025 2108 4066 mea
2138 4003 2367 4067 Ianum
