3109 4817
1021 203 1617 270 SERMONUM
1682 205 1718 268 I
1776 207 1821 268 4
2382 209 2507 273 245

302 378 594 443 membra
621 378 1038 465 animumque
1067 386 1276 459 tuum,
1307 381 1494 444 nabis
1525 379 1666 445 sine
1698 380 1990 446 cortice'.
2087 381 2180 447 sic
2208 404 2315 446 me
2404 412 2503 446 120

302 490 623 555 formabat
650 513 923 577 puerum
953 491 1168 571 dictis,
1201 500 1269 556 et
1297 493 1436 557 sive
1465 493 1738 557 iubebat

301 609 376 666 ut
405 603 683 669 facerem
713 605 892 690 quid,
927 609 948 640 ‘
966 605 1170 670 habes
1199 612 1553 684 auctorem,
1588 628 1717 691 quo
1746 606 1943 672 facias
1971 609 2151 687 hoc’,

301 738 502 780 unum
534 739 616 782 ex
644 718 968 782 iudicibus
997 719 1258 784 selectis
1289 718 1637 798 obiciebat,

301 829 440 895 sive
467 833 758 911 vetabat,
792 837 812 868 ‘
829 855 914 896 an
944 834 1066 897 hoc
1094 834 1510 898 inhonestum
1542 840 1613 898 et
1638 833 1869 899 inutile
1898 835 2075 901 factu

299 964 504 1007 necne
535 944 643 1023 sit,
674 945 1042 1025 addubites,
1073 945 1310 1032 flagret
1337 968 1597 1010 rumore
1626 948 1795 1011 malo
1824 970 1975 1013 cum
2406 981 2423 1012 ι
2440 981 2463 1012 2
2474 981 2499 1028 5

298 1055 405 1120 hic
432 1063 630 1142 atque
658 1058 768 1122 isse
789 1059 853 1124 ‘1'’
955 1058 1184 1123 avidos
1213 1058 1501 1124 vicinum
1528 1059 1725 1124 funus
1752 1066 1830 1124 ut
1858 1083 2089 1148 aegros

300 1169 629 1234 exanimat
655 1170 1013 1258 mortisque
1041 1179 1224 1236 metu
1253 1171 1379 1236 sibi
1409 1193 1673 1257 parcere
1702 1173 1902 1258 cogit,

301 1282 394 1346 sic
423 1289 683 1348 teneros
711 1284 961 1349 animos
990 1283 1199 1349 aliena
1230 1284 1579 1370 obprobria
1608 1307 1802 1370 saepe

299 1394 669 1462 absterrent
695 1397 896 1463 vitiis.
999 1419 1082 1461 ex
1108 1398 1233 1462 hoc
1263 1420 1388 1482 ego
1419 1420 1615 1462 sanus
1644 1399 1727 1462 ab
1755 1397 1905 1478 illis,

301 1509 652 1593 perniciem
683 1532 1125 1597 quaecumque
1153 1511 1394 1588 ferunt,
1425 1510 1860 1574 mediocribus
1890 1517 1959 1575 et
1987 1511 2131 1596 quis
2400 1541 2417 1574 ι
2435 1541 2497 1588 30

300 1620 600 1706 ignoscas
628 1623 806 1686 vitiis
837 1630 1086 1688 teneor.
1188 1622 1480 1688 fortassis
1511 1629 1581 1686 et
1608 1621 1801 1687 istinc

299 1734 569 1818 largiter
595 1736 938 1816 abstulerit
965 1737 1164 1821 longa
1190 1742 1394 1814 aetas,
1426 1735 1593 1799 liber
1620 1736 1889 1814 amicae,

300 1848 638 1912 consilium
665 1849 1020 1935 proprium.
1121 1869 1336 1934 neque
1367 1847 1564 1925 enim,
1596 1870 1745 1911 cum
1775 1847 2051 1912 lectulus
2079 1855 2193 1913 aut
2219 1869 2325 1912 me

299 1961 586 2044 porticus
616 1962 894 2046 excepit,
926 1962 1156 2026 desum
1183 1961 1364 2024 mihi.
1469 1965 1490 1994 ‘
1508 1960 1751 2024 rectius
1778 1960 1902 2024 hoc
1933 1968 2055 2026 est.

296 2073 422 2138 hoc
449 2074 691 2139 faciens
719 2075 939 2139 vivam
966 2075 1220 2138 melius.
1324 2073 1416 2138 sic
1445 2073 1654 2137 dulcis
1683 2073 1906 2137 amicis
2401 2103 2416 2134 1
2436 2101 2494 2149 35

303 2209 652 2251 occurram.
754 2188 877 2251 hoc
909 2186 1173 2273 quidam
1199 2209 1334 2250 non
1362 2187 1571 2250 belle:
1616 2185 1935 2271 numquid
1965 2208 2090 2271 ego
2118 2185 2213 2250 illi

300 2301 676 2385 imprudens
707 2301 861 2365 olim
889 2300 1119 2364 faciam
1150 2299 1358 2363 simile
1380 2300 1444 2364 Ρ
1489 2299 1649 2362 haec
1680 2321 1805 2384 ego
1832 2321 2090 2364 mecum

300 2413 684 2499 compressis
711 2413 892 2498 agito
919 2412 1159 2490 labris3
1202 2412 1318 2477 ubi
1347 2410 1504 2498 quid
1534 2411 1729 2476 datur
1757 2411 1871 2490 oti,

300 2528 523 2591 inludo
553 2527 813 2590 chartis
915 2526 1039 2590 hoc
1068 2531 1172 2590 est
1197 2524 1632 2590 mediocribus
1664 2525 1792 2589 ilh's

305 2660 385 2703 ex
413 2640 591 2704 vitiis
620 2661 858 2703 unum:
904 2638 1010 2703 cui
1039 2639 1096 2702 si
1124 2637 1478 2704 concedere
1505 2637 1697 2717 nolis,
2406 2665 2505 2714 ¹40

303 2752 507 2816 multa
533 2760 871 2837 poetarum
899 2751 1125 2816 veniet
1151 2773 1404 2830 manus,
1436 2751 1677 2814 auxilio
1709 2771 1874 2836 quae

304 2867 390 2930 sit
414 2866 576 2929 mihi
619 2869 793 2948 (nam
823 2866 1028 2929 multo
1058 2865 1276 2949 plures
1303 2863 1548 2943 sumus)
1592 2885 1667 2928 ac
1696 2862 1901 2929 veluti
1930 2869 1999 2926 te

303 2979 528 3044 Iudaei
556 2999 864 3064 cogemus
891 2978 962 3042 in
990 2978 1157 3042 hanc
1187 2976 1542 3042 concedere
1572 2975 1854 3041 turbam.
