3109 4817
567 199 689 262 248
848 289 858 298 .
1431 194 1892 261 HoRATII

559 373 712 436 hinc
738 394 860 436 nos
894 371 1122 436 Coccei
1151 369 1383 454 recipit
1409 370 1785 454 plenissima
1776 369 1989 544 Killa,

563 506 729 569 quae
759 505 955 568 super
984 490 1087 548 est
1121 482 1328 548 Caudi
1355 503 1701 567 cauponas,
1851 503 1979 545 unc
2006 481 2167 546 mihi
2196 482 2419 566 paucis

569 597 890 662 Sarmenti
921 617 1178 660 scurrae
1207 617 1496 680 pugnam
1526 594 1862 680 Messique
1896 593 2147 672 Cicirri,

561 733 767 789 musa,
797 709 994 774 velim
1021 729 1340 772 memores
1370 714 1438 772 et
1467 730 1597 793 quo
1626 714 1811 792 patre
1840 715 2033 772 natus
2061 715 2337 794 uterque

462 893 470 900 ,
562 823 910 888 contulerit
938 821 1107 885 lites.
1211 820 1416 884 Messi
1445 821 1689 884 clarum
1720 842 1929 906 genus
1960 820 2154 896 Osci;

569 935 892 1002 Sarmenti
917 932 1182 998 domina
1208 938 1429 996 extat:
1481 933 1566 996 ab
1596 932 1699 997 his
1727 933 2082 997 maioribus
2112 933 2237 996 orffi

565 1048 646 1111 ad
678 1069 972 1133 pugnam
1003 1067 1259 1111 venere.
1367 1045 1544 1130 prior
1579 1045 1958 1110 Sarmentus
1989 1051 2010 1080 ‘
2040 1047 2193 1132 equi
2221 1053 2288 1110 te

565 1182 706 1224 esse
736 1159 854 1224 feri
884 1159 1158 1223 similem
1187 1159 1387 1222 dico’.
1484 1158 1795 1237 ridemus,
1828 1166 1897 1224 et
1922 1160 2064 1243 ipse

566 1272 845 1336 Messius
877 1277 896 1306 ‘
919 1271 1216 1356 accipio’,
1249 1276 1444 1354 caput
1472 1277 1540 1334 et
1568 1278 1810 1336 movet.
1914 1276 1936 1306 ‘
1957 1293 1996 1335 o
2026 1279 2141 1334 tua
2170 1294 2369 1335 cornu

562 1385 630 1447 ni
660 1385 829 1466 foret
859 1392 1120 1448 exsecto
1148 1383 1345 1446 frons'
1376 1383 1613 1468 inquit,
1646 1389 1667 1418 ‘
1692 1383 1851 1469 quid
1881 1385 2148 1472 faceres,
2179 1407 2327 1449 cum

565 1497 656 1562 sic
683 1497 949 1560 mutilus
978 1495 1296 1560 minitaris
1319 1497 1376 1560 ‘1²'
1423 1503 1492 1559 at
1517 1495 1613 1560 illi
1643 1495 1833 1560 foeda
1860 1497 2126 1560 cicatrix

567 1617 883 1674 saetosam
913 1609 1079 1672 laevi
1109 1609 1389 1672 frontem
1419 1587 1798 1692 turpaverat
1828 1609 1977 1673 oris.

569 1721 968 1807 Campanum
994 1721 1065 1782 in
1093 1722 1415 1799 morbum,
1444 1720 1514 1784 in
1543 1720 1773 1784 faciem
1803 1724 2123 1806 permulta
2150 1723 2421 1800 iocatus,

563 1841 890 1918 pastorem
920 1833 1186 1897 saltaret
1213 1833 1310 1897 uti
1344 1832 1628 1918 Cyclopa
1652 1835 1965 1918 rogabat3

563 1945 656 2008 nil
683 1946 776 2008 illi
805 1946 986 2009 larva
1013 1952 1129 2008 aut
1157 1945 1422 2030 tragicis
1451 1967 1616 2030 opus
1646 1967 1787 2010 esse
1818 1947 2172 2010 cothurnis.

562 2059 767 2122 multa
799 2057 1077 2122 Cicirrus
1107 2058 1190 2120 ad
1218 2057 1399 2122 haec.
1501 2057 1810 2122 donasset
1836 2059 2050 2122 iamne
2080 2065 2374 2123 catenam

565 2193 646 2235 ex
675 2179 830 2236 voto
861 2171 1158 2248 Laribus,
1192 2171 1580 2256 quaerebat:
1628 2169 1839 2234 scriba
1868 2172 2042 2257 quod
2066 2180 2260 2250 esset,

565 2282 697 2346 nilo
728 2283 1014 2347 deterius
1043 2282 1341 2347 dominae
1369 2283 1472 2346 ius
1503 2304 1647 2346 esse
1672 2307 1685 2346 ε
1732 2285 2010 2368 rogabat

569 2395 850 2480 denique
880 2417 996 2459 cur
1023 2417 1331 2480 umquam
1359 2394 1659 2480 fugisset,
1691 2395 1797 2459 cui
1825 2395 1983 2460 satis
2002 2419 2135 2460 una

563 2506 748 2570 farris
776 2506 942 2572 libra
969 2507 1157 2585 foret,
1187 2507 1413 2592 gracili
1441 2507 1534 2572 sic
1564 2515 1828 2593 tamque
1856 2508 2113 2592 pusille.

565 2640 827 2704 prorsus
857 2618 1134 2682 iucunde
1165 2641 1389 2682 cenam
1420 2620 1837 2704 producimus
1864 2620 2062 2686 illam.

565 2730 892 2796 tendimus
921 2731 1072 2795 hinc
1101 2738 1280 2796 recta
1307 2733 1800 2810 Beneventum3
1845 2734 1960 2797 ubi
1988 2733 2250 2798 sedulus
2280 2736 2517 2820 hospes

564 2865 771 2929 paene
797 2865 1046 2908 macros
1075 2843 1233 2908 arsit
1262 2845 1418 2908 dum
1449 2844 1677 2909 turdos
1705 2853 1926 2910 versat
1952 2847 2023 2910 in
2050 2847 2213 2932 igni.

563 2978 714 3020 nam
743 2978 914 3042 vaga
941 2979 1059 3042 per
1085 2964 1376 3021 veterem
1405 2955 1657 3040 dilapso
1688 2957 1948 3022 flamma
1974 2960 2256 3024 culinam

564 3069 856 3133 Vulcano
885 3091 1209 3133 summum
1238 3071 1629 3154 properabat
1655 3071 1940 3135 lambere
1970 3077 2237 3136 tectum.

563 3181 870 3247 convivas
899 3182 1124 3246 avidos
1153 3205 1377 3246 cenam
1407 3202 1757 3267 servosque
1788 3184 2095 3249 timentes

564 3304 703 3360 tum
732 3318 957 3380 rapere
985 3302 1182 3382 atque
1213 3297 1420 3360 omnis
1451 3295 1861 3381 restinguere
1888 3298 2056 3361 velle
2086 3298 2363 3363 videres,

562 3409 792 3493 incipit
821 3431 902 3472 ex
930 3408 1041 3473 illo
1070 3415 1326 3472 montes
1355 3409 1597 3494 Apulia
1622 3414 1815 3473 notos

564 3528 891 3586 ostentare
918 3521 1099 3599 mihi,
1133 3543 1294 3607 quos
1326 3528 1531 3584 torret
1560 3520 1882 3585 Atabulus
1914 3527 1982 3586 et
2010 3543 2174 3607 quos

563 3656 915 3720 numquam
946 3654 1338 3718 erepsemus,
1369 3633 1496 3698 nisi
1521 3655 1643 3698 nos
1670 3634 1885 3698 vicina
1912 3634 2151 3700 Trivici

562 3747 716 3810 villa
743 3747 1115 3832 recepisset,
1144 3745 1481 3810 lacrimoso
1511 3767 1643 3809 non
1673 3746 1813 3811 sine
1841 3747 2042 3826 fum0,

564 3860 726 3923 udos
755 3881 902 3923 cum
928 3857 1095 3922 foliis
1122 3879 1334 3922 ramos
1362 3866 1591 3923 urente
1620 3859 1891 3924 camino,

567 3973 668 4035 hic
700 3994 824 4057 ego
851 3970 1227 4035 mendacem
1257 3971 1675 4036 stultissimus
1706 3994 1909 4057 usque
1940 3971 2219 4058 puellam

2704 396 2767 443 50

2703 960 2765 1008 55

2694 1513 2766 1560 60

2694 2654 2762 2698 70

2693 3218 2755 3264 75

2694 3764 2757 3812 80
