3109 4817
1005 146 1172 211 ΕΡΙ
1188 146 1750 213 STULARUM.
1819 150 1854 211 Ι
1921 150 1950 211 1

373 345 448 386 ac
477 345 562 387 ne
589 324 758 388 forte
785 345 980 409 roges
1011 344 1142 407 quo
1172 344 1278 387 me
1308 323 1498 401 duce,
1530 344 1663 408 quo
1692 325 1823 386 lare
1854 330 2065 387 tuter:

373 434 616 499 nullius
645 436 946 500 addictus
973 434 1185 499 iurare
1214 436 1282 499 in
1313 436 1516 500 verba
1544 436 1866 521 magistri,

374 569 504 632 quo
533 570 640 613 me
671 570 952 633 cumque
981 548 1154 633 rapit
1181 554 1559 633 tempestas,
1592 548 1848 613 deferor
1874 548 2131 633 hospes,

371 680 547 724 nunc
575 660 766 747 agilis
794 662 879 726 fio
911 667 979 725 et
1006 684 1254 726 mersor
1285 660 1584 726 civilibus
1613 660 1828 740 undis,

372 771 638 837 virtutis
668 795 860 838 verae
892 780 1114 838 custos
1141 774 1527 859 rigidusque
1556 774 1837 852 satelleS,

374 906 549 949 nunc
577 886 646 948 in
677 886 1001 971 Aristippi
1029 886 1257 950 furtim
1286 894 1635 972 praecepte.
1663 887 1919 951 relabor

376 1003 445 1061 et
471 997 632 1061 mihi
659 1020 788 1077 res,
819 1020 951 1062 non
981 1020 1086 1062 me
1115 999 1313 1065 rebus
1343 999 1743 1085 subiungere
1772 1022 1991 1063 conor.

371 1117 448 1175 ut
474 1133 607 1176 nox
635 1113 834 1196 longe,
863 1110 1103 1196 quibus
1133 1112 1451 1177 mentitur
1477 1113 1707 1191 amica,
1736 1112 2009 1198 diesque

372 1230 572 1311 longa.
596 1224 862 1289 videtur
892 1245 1056 1309 opus
1086 1224 1504 1304 debentibus,
1533 1231 1611 1289 ut
1638 1225 1829 1311 piger
1856 1247 2063 1289 annus

377 1337 642 1425 pupillis
675 1358 836 1422 quos
865 1336 1028 1399 dura
1054 1336 1294 1421 premit
1321 1337 1621 1402 custodia
1648 1344 1954 1417 matrum,

373 1453 465 1516 sic
494 1450 653 1514 mihi
682 1449 868 1513 tarda
895 1448 1106 1513 fluunt
1131 1448 1520 1535 ingrataque
1551 1458 1845 1535 tempore,
1875 1473 2043 1535 quae
2073 1473 2255 1536 spem

372 1563 841 1648 consfliumque
869 1567 1208 1625 morantur
1235 1563 1476 1647 agendi
1505 1563 1764 1627 naviter
1788 1563 1858 1627 id
1890 1564 2067 1649 quod

371 1698 575 1763 aeque
605 1674 1002 1760 pauperibus
1031 1674 1320 1760 prodest,
1351 1675 1787 1761 locupletibus
1816 1697 2049 1761 aeque,

372 1810 580 1874 aeque
608 1788 986 1873 neglectum
1014 1786 1234 1872 pueris
1263 1788 1662 1873 senibusque
1696 1788 1979 1853 nocebit.

371 1908 578 1966 restat
604 1907 684 1965 ut
710 1899 813 1964 his
844 1921 970 1985 ego
997 1922 1104 1963 me
1131 1900 1274 1985 ipse
1301 1922 1528 1985 regam
1559 1900 1858 1985 solerque
1888 1902 2249 1965 elementis,

370 2036 501 2078 non
531 2012 741 2099 possis
771 2014 955 2077 oculo
988 2020 1303 2098 quantum
1335 2012 1727 2077 contendere
1760 2012 2082 2096 LynceuS,

370 2149 501 2190 uon
531 2133 752 2191 tamen
779 2125 1019 2189 idcirco
1051 2133 1427 2190 contemnas
1456 2126 1675 2209 lippus
1704 2125 2021 2209 inungui;

368 2261 511 2318 nec,
544 2238 698 2324 quia
727 2238 1031 2323 desperes
1061 2237 1289 2303 invicti
1319 2237 1611 2303 membra
1640 2237 1969 2321 Glyconis,

368 2352 616 2415 nodosa
643 2372 880 2435 corpus
907 2350 1075 2415 nolis
1103 2350 1448 2435 prohibere
1477 2350 1808 2435 cheragra.

370 2470 471 2527 est
500 2464 782 2549 quadam
813 2463 1072 2548 prodire
1103 2471 1320 2542 tenus,
1351 2464 1407 2527 si
1435 2484 1570 2527 non
1599 2462 1795 2527 datur
1824 2464 2016 2531 ultra.

369 2575 581 2641 fervet
607 2573 880 2641 avaritia
908 2575 1279 2661 miseroque
1313 2576 1619 2661 cupidine
1649 2582 1918 2661 pectus:

372 2694 526 2752 sunt
554 2688 758 2752 verbs
787 2696 856 2751 et
884 2710 1078 2752 voces
1110 2688 1346 2773 quibus
1374 2688 1551 2753 hunc
1584 2689 1787 2753 lenire
1818 2688 2105 2754 dolorem

369 2801 577 2886 possis
608 2808 678 2865 et
703 2822 1008 2885 magnam
1038 2801 1250 2864 morbi
1276 2800 1603 2885 deponere
1632 2809 1907 2887 partem.

367 2913 578 2978 laudis
607 2934 823 2977 amore
854 2919 1068 2978 tumes
1094 2939 1108 2977 ε
1156 2920 1315 2978 sunt
1342 2920 1520 2977 certe.
1549 2914 1805 2998 piacula
1838 2936 2001 2999 quae
2030 2920 2099 2979 te

371 3033 470 3090 ter
499 3048 660 3112 pure
688 3026 857 3090 lecto
886 3031 1196 3110 poterunt
1223 3047 1513 3091 recreare
1542 3026 1783 3090 libello.

368 3138 655 3216 invidus,
685 3138 1058 3217 iracundus,
1088 3138 1286 3216 iners,
1317 3137 1610 3215 vinosus,
1646 3143 1917 3215 amator,

367 3272 560 3314 nemo
589 3250 752 3315 adeo
780 3250 954 3314 ferus
985 3256 1087 3314 est
1115 3256 1191 3312 ut
1218 3270 1351 3312 non
1382 3249 1721 3313 mitescere
1751 3249 1980 3333 possit,

370 3363 426 3426 si
453 3363 647 3426 modo
676 3363 968 3427 culturae
996 3362 1354 3447 patientem
1385 3360 1755 3426 commodet
1780 3381 2022 3425 aurem.

371 3476 582 3539 virtus
613 3482 714 3539 est
741 3475 978 3539 vitium
1007 3476 1258 3560 fugere,
1291 3480 1359 3538 et
1388 3472 1707 3557 sapientia
1734 3473 1943 3559 prima

374 3588 651 3653 stultitia
677 3587 980 3653 caruisse.
1083 3586 1289 3664 videS,
1328 3607 1493 3670 quae
1524 3585 1807 3650 maxims
1836 3584 2045 3649 credis

377 3721 515 3765 esse
545 3700 734 3780 mala,
765 3700 1082 3785 exiguum
1115 3720 1386 3763 censum
1413 3704 1799 3782 turpemque
1829 3697 2176 3782 repulsam,

379 3819 620 3895 quanto
649 3812 902 3878 devites
935 3811 1136 3876 animi
1163 3809 1520 3895 capitisque
1548 3810 1808 3888 labore3

375 3922 631 4010 inpiger
659 3931 982 3991 extremos
1013 3924 1217 3988 curris
1246 3928 1565 3986 mercator
1592 3923 1676 3986 ad
1707 3922 1929 4001 Indos,

2442 148 2564 213 307

2502 578 2563 626 ¹5

2495 2266 2559 2315 30

2496 2831 2558 2880 35

2489 3393 2558 3439 40

2488 3954 2557 4003 45
