<?xml version="1.0" encoding="UTF-8"?>
<!DOCTYPE html PUBLIC "-//W3C//DTD XHTML 1.0 Transitional//EN"
    "http://www.w3.org/TR/xhtml1/DTD/xhtml1-transitional.dtd">
<html xmlns="http://www.w3.org/1999/xhtml" xml:lang="en" lang="en">
 <head>
  <title>
</title>
<meta http-equiv="Content-Type" content="text/html;charset=utf-8" />
  <meta name='ocr-system' content='tesseract 3.04.00' />
  <meta name='ocr-capabilities' content='ocr_page ocr_carea ocr_par ocr_line ocrx_word'/>
</head>
<body>
  <div class='ocr_page' id='page_1' title='image "./qhoratiiflaccio04unkngoog_0340.png"; bbox 0 0 3109 4817; ppageno 0'>
   <div class='ocr_carea' id='block_1_1' title="bbox 537 208 1844 274">
    <p class='ocr_par' dir='ltr' id='par_1_1' title="bbox 537 208 1844 274">
     <span class='ocr_line' id='line_1_1' title="bbox 537 208 1844 274; baseline 0.002 -5"><span class='ocrx_word' id='word_1_1' title='bbox 537 208 659 270; x_wconf 80' lang='lat'>296</span> <span class='ocrx_word' id='word_1_2' title='bbox 1404 208 1844 274; x_wconf 81' lang='lat' dir='ltr'>HORA&#39;PII</span> 
     </span>
    </p>
   </div>
   <div class='ocr_carea' id='block_1_2' title="bbox 531 380 2435 4074">
    <p class='ocr_par' dir='ltr' id='par_1_2' title="bbox 531 380 2422 899">
     <span class='ocr_line' id='line_1_2' title="bbox 531 380 2358 467; baseline 0.004 -27"><span class='ocrx_word' id='word_1_3' title='bbox 531 381 848 464; x_wconf 87' lang='lat' dir='ltr'>numquid</span> <span class='ocrx_word' id='word_1_4' title='bbox 881 380 962 442; x_wconf 89' lang='lat' dir='ltr'>de</span> <span class='ocrx_word' id='word_1_5' title='bbox 996 380 1187 444; x_wconf 88' lang='lat' dir='ltr'>Dacis</span> <span class='ocrx_word' id='word_1_6' title='bbox 1218 381 1457 445; x_wconf 83' lang='lat' dir='ltr'>audisti</span> <span class='ocrx_word' id='word_1_7' title='bbox 1480 383 1538 445; x_wconf 84' lang='lat'>?’</span> <span class='ocrx_word' id='word_1_8' title='bbox 1586 383 1681 445; x_wconf 92' lang='lat' dir='ltr'>nil</span> <span class='ocrx_word' id='word_1_9' title='bbox 1712 382 2034 467; x_wconf 78' lang='lat' dir='ltr'>equidem.</span> <span class='ocrx_word' id='word_1_10' title='bbox 2141 389 2159 418; x_wconf 89' lang='lat'>‘</span> <span class='ocrx_word' id='word_1_11' title='bbox 2182 391 2256 447; x_wconf 93' lang='lat' dir='ltr'>ut</span> <span class='ocrx_word' id='word_1_12' title='bbox 2284 392 2358 448; x_wconf 93' lang='lat' dir='ltr'>tu</span> 
     </span>
     <span class='ocr_line' id='line_1_3' title="bbox 537 494 2321 582; baseline 0.003 -26"><span class='ocrx_word' id='word_1_13' title='bbox 537 515 794 577; x_wconf 81' lang='lat' dir='ltr'>semper</span> <span class='ocrx_word' id='word_1_14' title='bbox 822 495 949 557; x_wconf 90' lang='lat' dir='ltr'>eris</span> <span class='ocrx_word' id='word_1_15' title='bbox 979 494 1269 559; x_wconf 80' lang='lat' dir='ltr'>derisor&#39;.</span> <span class='ocrx_word' id='word_1_16' title='bbox 1372 502 1442 559; x_wconf 86' lang='lat' dir='ltr'>at</span> <span class='ocrx_word' id='word_1_17' title='bbox 1472 516 1698 560; x_wconf 90' lang='lat' dir='ltr'>omnes</span> <span class='ocrx_word' id='word_1_18' title='bbox 1727 496 1796 558; x_wconf 89' lang='lat' dir='ltr'>di</span> <span class='ocrx_word' id='word_1_19' title='bbox 1827 497 2166 582; x_wconf 83' lang='lat' dir='ltr'>exagitent</span> <span class='ocrx_word' id='word_1_20' title='bbox 2194 520 2321 576; x_wconf 89' lang='lat' dir='ltr'>me,</span> 
     </span>
     <span class='ocr_line' id='line_1_4' title="bbox 537 607 2422 696; baseline 0.002 -26"><span class='ocrx_word' id='word_1_21' title='bbox 537 607 592 670; x_wconf 91' lang='lat' dir='ltr'>si</span> <span class='ocrx_word' id='word_1_22' title='bbox 625 607 988 692; x_wconf 83' lang='lat' dir='ltr'>quicquam.</span> <span class='ocrx_word' id='word_1_23' title='bbox 1093 613 1113 641; x_wconf 85' lang='lat'>‘</span> <span class='ocrx_word' id='word_1_24' title='bbox 1136 608 1339 692; x_wconf 86' lang='lat' dir='ltr'>quid?</span> <span class='ocrx_word' id='word_1_25' title='bbox 1386 608 1702 674; x_wconf 76' lang='lat' dir='ltr'><strong>militibus</strong></span> <span class='ocrx_word' id='word_1_26' title='bbox 1733 610 2050 693; x_wconf 90' lang='lat' dir='ltr'>promissa</span> <span class='ocrx_word' id='word_1_27' title='bbox 2079 609 2422 696; x_wconf 84' lang='lat' dir='ltr'>Triquetra</span> 
     </span>
     <span class='ocr_line' id='line_1_5' title="bbox 537 720 2178 804; baseline 0.003 -22"><span class='ocrx_word' id='word_1_28' title='bbox 537 720 801 804; x_wconf 88' lang='lat' dir='ltr'>praedia</span> <span class='ocrx_word' id='word_1_29' title='bbox 834 721 1089 799; x_wconf 88' lang='lat' dir='ltr'>Caesar,</span> <span class='ocrx_word' id='word_1_30' title='bbox 1120 743 1203 784; x_wconf 90' lang='lat' dir='ltr'>an</span> <span class='ocrx_word' id='word_1_31' title='bbox 1235 728 1337 784; x_wconf 89' lang='lat' dir='ltr'>est</span> <span class='ocrx_word' id='word_1_32' title='bbox 1366 722 1534 785; x_wconf 88' lang='lat' dir='ltr'>Itala</span> <span class='ocrx_word' id='word_1_33' title='bbox 1565 722 1795 785; x_wconf 82' lang='lat' dir='ltr'>tellure</span> <span class='ocrx_word' id='word_1_34' title='bbox 1825 722 2094 787; x_wconf 83' lang='lat' dir='ltr'>daturus</span> <span class='ocrx_word' id='word_1_35' title='bbox 2119 725 2178 786; x_wconf 84' lang='lat'>?’</span> 
     </span>
     <span class='ocr_line' id='line_1_6' title="bbox 536 833 2058 899; baseline 0.003 -5"><span class='ocrx_word' id='word_1_36' title='bbox 536 833 858 896; x_wconf 87' lang='lat' dir='ltr'>iurantem</span> <span class='ocrx_word' id='word_1_37' title='bbox 886 856 991 896; x_wconf 90' lang='lat' dir='ltr'>me</span> <span class='ocrx_word' id='word_1_38' title='bbox 1021 834 1184 897; x_wconf 87' lang='lat' dir='ltr'>scire</span> <span class='ocrx_word' id='word_1_39' title='bbox 1214 833 1375 896; x_wconf 90' lang='lat' dir='ltr'>nihil</span> <span class='ocrx_word' id='word_1_40' title='bbox 1406 833 1727 898; x_wconf 79' lang='lat' dir='ltr'>mirantur</span> <span class='ocrx_word' id='word_1_41' title='bbox 1755 842 1829 899; x_wconf 91' lang='lat' dir='ltr'>ut</span> <span class='ocrx_word' id='word_1_42' title='bbox 1857 857 2058 898; x_wconf 88' lang='lat' dir='ltr'>unum</span> 
     </span>
    </p>

    <p class='ocr_par' dir='ltr' id='par_1_3' title="bbox 536 945 1974 1032">
     <span class='ocr_line' id='line_1_7' title="bbox 536 945 1974 1032; baseline 0.006 -25"><span class='ocrx_word' id='word_1_43' title='bbox 536 945 783 1008; x_wconf 87' lang='lat' dir='ltr'>scilicet</span> <span class='ocrx_word' id='word_1_44' title='bbox 812 947 1063 1031; x_wconf 85' lang='lat' dir='ltr'>egregii</span> <span class='ocrx_word' id='word_1_45' title='bbox 1091 948 1430 1011; x_wconf 75' lang='lat' dir='ltr'>mortalem</span> <span class='ocrx_word' id='word_1_46' title='bbox 1460 949 1704 1032; x_wconf 88' lang='lat' dir='ltr'>altique</span> <span class='ocrx_word' id='word_1_47' title='bbox 1736 949 1974 1016; x_wconf 86' lang='lat' dir='ltr'>silenti.</span> 
     </span>
    </p>

    <p class='ocr_par' dir='ltr' id='par_1_4' title="bbox 536 1057 2219 1142">
     <span class='ocr_line' id='line_1_8' title="bbox 536 1057 2219 1142; baseline 0.002 -22"><span class='ocrx_word' id='word_1_48' title='bbox 536 1057 831 1142; x_wconf 75' lang='lat' dir='ltr'>perditur</span> <span class='ocrx_word' id='word_1_49' title='bbox 858 1059 1017 1122; x_wconf 87' lang='lat' dir='ltr'>haec</span> <span class='ocrx_word' id='word_1_50' title='bbox 1046 1060 1218 1124; x_wconf 89' lang='lat' dir='ltr'>inter</span> <span class='ocrx_word' id='word_1_51' title='bbox 1247 1060 1483 1124; x_wconf 87' lang='lat' dir='ltr'>misero</span> <span class='ocrx_word' id='word_1_52' title='bbox 1512 1061 1648 1138; x_wconf 83' lang='lat' dir='ltr'>lux,</span> <span class='ocrx_word' id='word_1_53' title='bbox 1679 1082 1812 1123; x_wconf 88' lang='lat' dir='ltr'>non</span> <span class='ocrx_word' id='word_1_54' title='bbox 1841 1061 1982 1124; x_wconf 89' lang='lat' dir='ltr'>sine</span> <span class='ocrx_word' id='word_1_55' title='bbox 2013 1063 2219 1126; x_wconf 87' lang='lat' dir='ltr'>votis:</span> 
     </span>
    </p>

    <p class='ocr_par' dir='ltr' id='par_1_5' title="bbox 534 1173 2384 1462">
     <span class='ocr_line' id='line_1_9' title="bbox 538 1173 2328 1258; baseline 0.002 -25"><span class='ocrx_word' id='word_1_56' title='bbox 538 1192 575 1233; x_wconf 95' lang='lat' dir='ltr'>o</span> <span class='ocrx_word' id='word_1_57' title='bbox 606 1194 737 1248; x_wconf 91' lang='lat' dir='ltr'>rus,</span> <span class='ocrx_word' id='word_1_58' title='bbox 774 1173 1029 1256; x_wconf 88' lang='lat' dir='ltr'>quando</span> <span class='ocrx_word' id='word_1_59' title='bbox 1062 1194 1187 1257; x_wconf 89' lang='lat' dir='ltr'>ego</span> <span class='ocrx_word' id='word_1_60' title='bbox 1218 1180 1284 1236; x_wconf 90' lang='lat' dir='ltr'>te</span> <span class='ocrx_word' id='word_1_61' title='bbox 1314 1173 1647 1257; x_wconf 84' lang='lat' dir='ltr'>aspiciam,</span> <span class='ocrx_word' id='word_1_62' title='bbox 1687 1173 2074 1258; x_wconf 83' lang='lat' dir='ltr'>quandoque</span> <span class='ocrx_word' id='word_1_63' title='bbox 2102 1174 2328 1237; x_wconf 90' lang='lat' dir='ltr'>licebit</span> 
     </span>
     <span class='ocr_line' id='line_1_10' title="bbox 534 1285 2384 1363; baseline 0.002 -18"><span class='ocrx_word' id='word_1_64' title='bbox 534 1305 708 1346; x_wconf 89' lang='lat' dir='ltr'>nunc</span> <span class='ocrx_word' id='word_1_65' title='bbox 736 1291 1034 1348; x_wconf 90' lang='lat' dir='ltr'>veterum</span> <span class='ocrx_word' id='word_1_66' title='bbox 1061 1285 1268 1363; x_wconf 88' lang='lat' dir='ltr'>libris,</span> <span class='ocrx_word' id='word_1_67' title='bbox 1300 1307 1472 1347; x_wconf 91' lang='lat' dir='ltr'>nunc</span> <span class='ocrx_word' id='word_1_68' title='bbox 1504 1307 1732 1348; x_wconf 91' lang='lat' dir='ltr'>somno</span> <span class='ocrx_word' id='word_1_69' title='bbox 1765 1291 1834 1348; x_wconf 93' lang='lat' dir='ltr'>et</span> <span class='ocrx_word' id='word_1_70' title='bbox 1860 1285 2180 1350; x_wconf 77' lang='lat' dir='ltr'>inertibus</span> <span class='ocrx_word' id='word_1_71' title='bbox 2211 1286 2384 1349; x_wconf 89' lang='lat' dir='ltr'>horis</span> 
     </span>
     <span class='ocr_line' id='line_1_11' title="bbox 537 1397 1949 1462; baseline 0.001 -2"><span class='ocrx_word' id='word_1_72' title='bbox 537 1397 773 1462; x_wconf 89' lang='lat' dir='ltr'>ducere</span> <span class='ocrx_word' id='word_1_73' title='bbox 804 1398 1113 1461; x_wconf 84' lang='lat' dir='ltr'>sollicitae</span> <span class='ocrx_word' id='word_1_74' title='bbox 1142 1398 1424 1460; x_wconf 89' lang='lat' dir='ltr'>iucunda</span> <span class='ocrx_word' id='word_1_75' title='bbox 1454 1397 1695 1462; x_wconf 89' lang='lat' dir='ltr'>oblivia</span> <span class='ocrx_word' id='word_1_76' title='bbox 1722 1399 1899 1462; x_wconf 88' lang='lat' dir='ltr'>vitae</span> <span class='ocrx_word' id='word_1_77' title='bbox 1923 1400 1949 1462; x_wconf 72' lang='grc' dir='ltr'>ΣΡ</span> 
     </span>
    </p>

    <p class='ocr_par' dir='ltr' id='par_1_6' title="bbox 536 1510 2142 1595">
     <span class='ocr_line' id='line_1_12' title="bbox 536 1510 2142 1595; baseline 0.002 -24"><span class='ocrx_word' id='word_1_78' title='bbox 536 1530 573 1571; x_wconf 94' lang='lat' dir='ltr'>o</span> <span class='ocrx_word' id='word_1_79' title='bbox 607 1510 862 1594; x_wconf 85' lang='lat' dir='ltr'>quando</span> <span class='ocrx_word' id='word_1_80' title='bbox 894 1510 1041 1572; x_wconf 84' lang='lat' dir='ltr'>faba</span> <span class='ocrx_word' id='word_1_81' title='bbox 1072 1510 1483 1594; x_wconf 81' lang='lat' dir='ltr'>Pythagorae</span> <span class='ocrx_word' id='word_1_82' title='bbox 1514 1517 1793 1595; x_wconf 82' lang='lat' dir='ltr'>cognata</span> <span class='ocrx_word' id='word_1_83' title='bbox 1823 1511 2142 1595; x_wconf 90' lang='lat' dir='ltr'>simulque</span> 
     </span>
    </p>

    <p class='ocr_par' dir='ltr' id='par_1_7' title="bbox 535 1622 2152 1707">
     <span class='ocr_line' id='line_1_13' title="bbox 535 1622 2152 1707; baseline 0.001 -23"><span class='ocrx_word' id='word_1_84' title='bbox 535 1628 730 1685; x_wconf 88' lang='lat' dir='ltr'>uncta</span> <span class='ocrx_word' id='word_1_85' title='bbox 759 1623 916 1686; x_wconf 88' lang='lat' dir='ltr'>satis</span> <span class='ocrx_word' id='word_1_86' title='bbox 946 1623 1177 1707; x_wconf 84' lang='lat' dir='ltr'>pingui</span> <span class='ocrx_word' id='word_1_87' title='bbox 1206 1629 1533 1706; x_wconf 83' lang='lat' dir='ltr'>ponentur</span> <span class='ocrx_word' id='word_1_88' title='bbox 1561 1622 1894 1686; x_wconf 84' lang='lat' dir='ltr'>holuscula</span> <span class='ocrx_word' id='word_1_89' title='bbox 1920 1623 2101 1686; x_wconf 88' lang='lat' dir='ltr'>lardo</span> <span class='ocrx_word' id='word_1_90' title='bbox 2126 1625 2152 1686; x_wconf 70' lang='grc' dir='ltr'><em>ἲ</em></span> 
     </span>
    </p>

    <p class='ocr_par' dir='ltr' id='par_1_8' title="bbox 534 1735 2160 1820">
     <span class='ocr_line' id='line_1_14' title="bbox 534 1735 2160 1820; baseline 0.002 -24"><span class='ocrx_word' id='word_1_91' title='bbox 534 1757 571 1796; x_wconf 95' lang='lat' dir='ltr'>o</span> <span class='ocrx_word' id='word_1_92' title='bbox 600 1742 827 1797; x_wconf 86' lang='lat' dir='ltr'>noctes</span> <span class='ocrx_word' id='word_1_93' title='bbox 858 1756 1183 1820; x_wconf 85' lang='lat' dir='ltr'>cenaeque</span> <span class='ocrx_word' id='word_1_94' title='bbox 1213 1735 1430 1813; x_wconf 88' lang='lat' dir='ltr'>deum,</span> <span class='ocrx_word' id='word_1_95' title='bbox 1465 1735 1699 1820; x_wconf 92' lang='lat' dir='ltr'>quibus</span> <span class='ocrx_word' id='word_1_96' title='bbox 1732 1735 1874 1819; x_wconf 90' lang='lat' dir='ltr'>ipse</span> <span class='ocrx_word' id='word_1_97' title='bbox 1904 1735 2160 1820; x_wconf 90' lang='lat' dir='ltr'>meique</span> 
     </span>
    </p>

    <p class='ocr_par' dir='ltr' id='par_1_9' title="bbox 532 1847 2270 2156">
     <span class='ocr_line' id='line_1_15' title="bbox 532 1847 2270 1932; baseline 0.002 -24"><span class='ocrx_word' id='word_1_98' title='bbox 532 1853 684 1908; x_wconf 86' lang='lat' dir='ltr'>ante</span> <span class='ocrx_word' id='word_1_99' title='bbox 713 1847 915 1909; x_wconf 88' lang='lat' dir='ltr'>larem</span> <span class='ocrx_word' id='word_1_100' title='bbox 946 1848 1280 1931; x_wconf 88' lang='lat' dir='ltr'>proprium</span> <span class='ocrx_word' id='word_1_101' title='bbox 1308 1869 1538 1911; x_wconf 89' lang='lat' dir='ltr'>vescor</span> <span class='ocrx_word' id='word_1_102' title='bbox 1567 1869 1935 1932; x_wconf 87' lang='lat' dir='ltr'>vernasque</span> <span class='ocrx_word' id='word_1_103' title='bbox 1966 1869 2270 1931; x_wconf 88' lang='lat' dir='ltr'>proca-ces</span> 
     </span>
     <span class='ocr_line' id='line_1_16' title="bbox 532 1958 2247 2044; baseline 0.002 -23"><span class='ocrx_word' id='word_1_104' title='bbox 532 1979 726 2041; x_wconf 88' lang='lat' dir='ltr'>pasco</span> <span class='ocrx_word' id='word_1_105' title='bbox 756 1958 974 2022; x_wconf 89' lang='lat' dir='ltr'>libatis</span> <span class='ocrx_word' id='word_1_106' title='bbox 1004 1959 1303 2044; x_wconf 77' lang='lat' dir='ltr'>dapibus,</span> <span class='ocrx_word' id='word_1_107' title='bbox 1406 1967 1602 2044; x_wconf 88' lang='lat' dir='ltr'>prout</span> <span class='ocrx_word' id='word_1_108' title='bbox 1630 1960 1862 2044; x_wconf 90' lang='lat' dir='ltr'>cuique</span> <span class='ocrx_word' id='word_1_109' title='bbox 1891 1959 2094 2023; x_wconf 90' lang='lat' dir='ltr'>libido</span> <span class='ocrx_word' id='word_1_110' title='bbox 2126 1967 2247 2037; x_wconf 89' lang='lat' dir='ltr'>est,</span> 
     </span>
     <span class='ocr_line' id='line_1_17' title="bbox 534 2071 1975 2156; baseline 0.001 -22"><span class='ocrx_word' id='word_1_111' title='bbox 534 2071 734 2135; x_wconf 87' lang='lat' dir='ltr'>siccat</span> <span class='ocrx_word' id='word_1_112' title='bbox 759 2071 1130 2156; x_wconf 87' lang='lat' dir='ltr'>inaequales</span> <span class='ocrx_word' id='word_1_113' title='bbox 1161 2072 1389 2135; x_wconf 88' lang='lat' dir='ltr'>calices</span> <span class='ocrx_word' id='word_1_114' title='bbox 1420 2073 1696 2136; x_wconf 86' lang='lat' dir='ltr'>conviva</span> <span class='ocrx_word' id='word_1_115' title='bbox 1725 2073 1975 2136; x_wconf 90' lang='lat' dir='ltr'>solutus</span> 
     </span>
    </p>

    <p class='ocr_par' dir='ltr' id='par_1_10' title="bbox 532 2183 2027 2268">
     <span class='ocr_line' id='line_1_18' title="bbox 532 2183 2027 2268; baseline 0.001 -22"><span class='ocrx_word' id='word_1_116' title='bbox 532 2184 789 2268; x_wconf 85' lang='lat' dir='ltr'>legibus</span> <span class='ocrx_word' id='word_1_117' title='bbox 818 2183 1085 2262; x_wconf 75' lang='lat' dir='ltr'>insaniS,</span> <span class='ocrx_word' id='word_1_118' title='bbox 1118 2206 1233 2247; x_wconf 92' lang='lat' dir='ltr'>seu</span> <span class='ocrx_word' id='word_1_119' title='bbox 1266 2185 1409 2268; x_wconf 85' lang='lat' dir='ltr'>quis</span> <span class='ocrx_word' id='word_1_120' title='bbox 1438 2185 1614 2268; x_wconf 86' lang='lat' dir='ltr'>capit</span> <span class='ocrx_word' id='word_1_121' title='bbox 1643 2185 1813 2247; x_wconf 83' lang='lat' dir='ltr'>acria</span> <span class='ocrx_word' id='word_1_122' title='bbox 1842 2185 2027 2248; x_wconf 91' lang='lat' dir='ltr'>fortis</span> 
     </span>
    </p>

    <p class='ocr_par' dir='ltr' id='par_1_11' title="bbox 534 2296 2057 2382">
     <span class='ocr_line' id='line_1_19' title="bbox 534 2296 2057 2382; baseline 0.001 -23"><span class='ocrx_word' id='word_1_123' title='bbox 534 2296 783 2380; x_wconf 83' lang='lat' dir='ltr'>pocula,</span> <span class='ocrx_word' id='word_1_124' title='bbox 816 2318 931 2360; x_wconf 90' lang='lat' dir='ltr'>seu</span> <span class='ocrx_word' id='word_1_125' title='bbox 959 2297 1230 2360; x_wconf 88' lang='lat' dir='ltr'>modicis</span> <span class='ocrx_word' id='word_1_126' title='bbox 1259 2297 1513 2361; x_wconf 81' lang='lat' dir='ltr'>uvescit</span> <span class='ocrx_word' id='word_1_127' title='bbox 1539 2298 1794 2361; x_wconf 85' lang='lat' dir='ltr'>laetius.</span> <span class='ocrx_word' id='word_1_128' title='bbox 1899 2319 2057 2382; x_wconf 87' lang='lat' dir='ltr'>ergo</span> 
     </span>
    </p>

    <p class='ocr_par' dir='ltr' id='par_1_12' title="bbox 536 2409 2179 2489">
     <span class='ocr_line' id='line_1_20' title="bbox 536 2409 2179 2489; baseline 0.001 -18"><span class='ocrx_word' id='word_1_129' title='bbox 536 2430 751 2471; x_wconf 89' lang='lat' dir='ltr'>sermo</span> <span class='ocrx_word' id='word_1_130' title='bbox 782 2410 1008 2486; x_wconf 90' lang='lat' dir='ltr'>oritur,</span> <span class='ocrx_word' id='word_1_131' title='bbox 1039 2431 1171 2472; x_wconf 90' lang='lat' dir='ltr'>non</span> <span class='ocrx_word' id='word_1_132' title='bbox 1203 2409 1285 2472; x_wconf 89' lang='lat' dir='ltr'>de</span> <span class='ocrx_word' id='word_1_133' title='bbox 1316 2409 1486 2472; x_wconf 85' lang='lat' dir='ltr'>villis</span> <span class='ocrx_word' id='word_1_134' title='bbox 1516 2411 1902 2475; x_wconf 87' lang='lat' dir='ltr'>domibusve</span> <span class='ocrx_word' id='word_1_135' title='bbox 1931 2411 2179 2489; x_wconf 87' lang='lat' dir='ltr'>alienis,</span> 
     </span>
    </p>

    <p class='ocr_par' dir='ltr' id='par_1_13' title="bbox 536 2522 2435 2824">
     <span class='ocr_line' id='line_1_21' title="bbox 537 2522 2435 2607; baseline 0.002 -24"><span class='ocrx_word' id='word_1_136' title='bbox 537 2542 656 2584; x_wconf 91' lang='lat' dir='ltr'>nec</span> <span class='ocrx_word' id='word_1_137' title='bbox 686 2522 853 2584; x_wconf 90' lang='lat' dir='ltr'>male</span> <span class='ocrx_word' id='word_1_138' title='bbox 883 2543 1089 2584; x_wconf 89' lang='lat' dir='ltr'>necne</span> <span class='ocrx_word' id='word_1_139' title='bbox 1122 2522 1335 2606; x_wconf 90' lang='lat' dir='ltr'>Lepos</span> <span class='ocrx_word' id='word_1_140' title='bbox 1368 2523 1582 2600; x_wconf 85' lang='lat' dir='ltr'>saltet,</span> <span class='ocrx_word' id='word_1_141' title='bbox 1616 2523 1730 2586; x_wconf 89' lang='lat' dir='ltr'>sed</span> <span class='ocrx_word' id='word_1_142' title='bbox 1764 2523 1936 2607; x_wconf 91' lang='lat' dir='ltr'>quod</span> <span class='ocrx_word' id='word_1_143' title='bbox 1964 2524 2174 2607; x_wconf 85' lang='lat' dir='ltr'>magis</span> <span class='ocrx_word' id='word_1_144' title='bbox 2205 2523 2287 2586; x_wconf 88' lang='lat' dir='ltr'>ad</span> <span class='ocrx_word' id='word_1_145' title='bbox 2315 2545 2435 2588; x_wconf 89' lang='lat' dir='ltr'>nos</span> 
     </span>
     <span class='ocr_line' id='line_1_22' title="bbox 536 2633 2314 2720; baseline 0.001 -24"><span class='ocrx_word' id='word_1_146' title='bbox 536 2633 821 2716; x_wconf 87' lang='lat' dir='ltr'>pertinet</span> <span class='ocrx_word' id='word_1_147' title='bbox 851 2640 919 2696; x_wconf 91' lang='lat' dir='ltr'>et</span> <span class='ocrx_word' id='word_1_148' title='bbox 946 2633 1197 2697; x_wconf 86' lang='lat' dir='ltr'>nescire</span> <span class='ocrx_word' id='word_1_149' title='bbox 1227 2635 1469 2696; x_wconf 86' lang='lat' dir='ltr'>malum</span> <span class='ocrx_word' id='word_1_150' title='bbox 1501 2642 1604 2698; x_wconf 89' lang='lat' dir='ltr'>est</span> <span class='ocrx_word' id='word_1_151' title='bbox 1631 2636 1979 2720; x_wconf 76' lang='lat' dir='ltr'>agitamuS,</span> <span class='ocrx_word' id='word_1_152' title='bbox 2010 2642 2314 2699; x_wconf 89' lang='lat' dir='ltr'>utrumne</span> 
     </span>
     <span class='ocr_line' id='line_1_23' title="bbox 536 2745 1885 2824; baseline 0.002 -17"><span class='ocrx_word' id='word_1_153' title='bbox 536 2745 781 2808; x_wconf 90' lang='lat' dir='ltr'>divitiis</span> <span class='ocrx_word' id='word_1_154' title='bbox 812 2746 1106 2808; x_wconf 90' lang='lat' dir='ltr'>homines</span> <span class='ocrx_word' id='word_1_155' title='bbox 1136 2769 1219 2808; x_wconf 88' lang='lat' dir='ltr'>an</span> <span class='ocrx_word' id='word_1_156' title='bbox 1250 2747 1384 2810; x_wconf 88' lang='lat' dir='ltr'>sint</span> <span class='ocrx_word' id='word_1_157' title='bbox 1411 2747 1657 2810; x_wconf 90' lang='lat' dir='ltr'>virtute</span> <span class='ocrx_word' id='word_1_158' title='bbox 1687 2748 1885 2824; x_wconf 84' lang='lat' dir='ltr'>beati,</span> 
     </span>
    </p>

    <p class='ocr_par' dir='ltr' id='par_1_14' title="bbox 538 2857 2246 2942">
     <span class='ocr_line' id='line_1_24' title="bbox 538 2857 2246 2942; baseline 0.003 -23"><span class='ocrx_word' id='word_1_159' title='bbox 538 2857 775 2942; x_wconf 89' lang='lat' dir='ltr'>quidve</span> <span class='ocrx_word' id='word_1_160' title='bbox 805 2859 886 2920; x_wconf 88' lang='lat' dir='ltr'>ad</span> <span class='ocrx_word' id='word_1_161' title='bbox 917 2858 1253 2936; x_wconf 83' lang='lat' dir='ltr'>amicitias,</span> <span class='ocrx_word' id='word_1_162' title='bbox 1286 2881 1440 2922; x_wconf 87' lang='lat' dir='ltr'>usus</span> <span class='ocrx_word' id='word_1_163' title='bbox 1470 2866 1828 2938; x_wconf 90' lang='lat' dir='ltr'>rectumne,</span> <span class='ocrx_word' id='word_1_164' title='bbox 1861 2860 2076 2923; x_wconf 85' lang='lat' dir='ltr'>trahat</span> <span class='ocrx_word' id='word_1_165' title='bbox 2105 2883 2246 2939; x_wconf 78' lang='lat' dir='ltr'>nOS,</span> 
     </span>
    </p>

    <p class='ocr_par' dir='ltr' id='par_1_15' title="bbox 538 2970 2218 3169">
     <span class='ocr_line' id='line_1_25' title="bbox 538 2970 2218 3058; baseline 0.002 -25"><span class='ocrx_word' id='word_1_166' title='bbox 538 2977 606 3033; x_wconf 90' lang='lat' dir='ltr'>et</span> <span class='ocrx_word' id='word_1_167' title='bbox 636 2992 799 3054; x_wconf 92' lang='lat' dir='ltr'>quae</span> <span class='ocrx_word' id='word_1_168' title='bbox 831 2970 917 3034; x_wconf 92' lang='lat' dir='ltr'>sit</span> <span class='ocrx_word' id='word_1_169' title='bbox 944 2977 1175 3033; x_wconf 86' lang='lat' dir='ltr'>natura</span> <span class='ocrx_word' id='word_1_170' title='bbox 1203 2971 1361 3034; x_wconf 89' lang='lat' dir='ltr'>boni</span> <span class='ocrx_word' id='word_1_171' title='bbox 1390 2993 1841 3057; x_wconf 88' lang='lat' dir='ltr'>summumque</span> <span class='ocrx_word' id='word_1_172' title='bbox 1874 2973 2027 3058; x_wconf 88' lang='lat' dir='ltr'>quid</span> <span class='ocrx_word' id='word_1_173' title='bbox 2060 2974 2218 3037; x_wconf 78' lang='lat' dir='ltr'>eius,</span> 
     </span>
     <span class='ocr_line' id='line_1_26' title="bbox 543 3083 1946 3169; baseline 0.001 -23"><span class='ocrx_word' id='word_1_174' title='bbox 543 3083 812 3146; x_wconf 86' lang='lat' dir='ltr'>Cervius</span> <span class='ocrx_word' id='word_1_175' title='bbox 842 3083 999 3146; x_wconf 87' lang='lat' dir='ltr'>haec</span> <span class='ocrx_word' id='word_1_176' title='bbox 1029 3084 1201 3148; x_wconf 88' lang='lat' dir='ltr'>inter</span> <span class='ocrx_word' id='word_1_177' title='bbox 1228 3085 1479 3148; x_wconf 88' lang='lat' dir='ltr'>vicinus</span> <span class='ocrx_word' id='word_1_178' title='bbox 1509 3086 1718 3169; x_wconf 85' lang='lat' dir='ltr'>garrit</span> <span class='ocrx_word' id='word_1_179' title='bbox 1745 3085 1946 3148; x_wconf 85' lang='lat' dir='ltr'>aniles</span> 
     </span>
    </p>

    <p class='ocr_par' dir='ltr' id='par_1_16' title="bbox 540 3198 2018 3283">
     <span class='ocr_line' id='line_1_27' title="bbox 540 3198 2018 3283; baseline 0.001 -24"><span class='ocrx_word' id='word_1_180' title='bbox 540 3219 621 3259; x_wconf 81' lang='lat' dir='ltr'>ex</span> <span class='ocrx_word' id='word_1_181' title='bbox 655 3219 725 3260; x_wconf 91' lang='lat' dir='ltr'>re</span> <span class='ocrx_word' id='word_1_182' title='bbox 755 3198 1041 3261; x_wconf 84' lang='lat' dir='ltr'>fabellas.</span> <span class='ocrx_word' id='word_1_183' title='bbox 1147 3198 1349 3283; x_wconf 91' lang='lat' dir='ltr'>siquis</span> <span class='ocrx_word' id='word_1_184' title='bbox 1378 3220 1531 3260; x_wconf 87' lang='lat' dir='ltr'>nam</span> <span class='ocrx_word' id='word_1_185' title='bbox 1560 3198 1784 3261; x_wconf 86' lang='lat' dir='ltr'>laudat</span> <span class='ocrx_word' id='word_1_186' title='bbox 1811 3199 2018 3261; x_wconf 90' lang='lat' dir='ltr'>Arelli</span> 
     </span>
    </p>

    <p class='ocr_par' dir='ltr' id='par_1_17' title="bbox 541 3309 1965 3395">
     <span class='ocr_line' id='line_1_28' title="bbox 541 3309 1965 3395; baseline 0.001 -23"><span class='ocrx_word' id='word_1_187' title='bbox 541 3309 846 3373; x_wconf 85' lang='lat' dir='ltr'>sollicitas</span> <span class='ocrx_word' id='word_1_188' title='bbox 875 3309 1143 3393; x_wconf 87' lang='lat' dir='ltr'>ignarus</span> <span class='ocrx_word' id='word_1_189' title='bbox 1175 3331 1353 3394; x_wconf 91' lang='lat' dir='ltr'>opes,</span> <span class='ocrx_word' id='word_1_190' title='bbox 1387 3312 1479 3373; x_wconf 90' lang='lat' dir='ltr'>sic</span> <span class='ocrx_word' id='word_1_191' title='bbox 1507 3310 1740 3395; x_wconf 88' lang='lat' dir='ltr'>incipit</span> <span class='ocrx_word' id='word_1_192' title='bbox 1772 3315 1791 3343; x_wconf 87' lang='lat'><em>‘</em></span> <span class='ocrx_word' id='word_1_193' title='bbox 1813 3311 1965 3374; x_wconf 91' lang='lat' dir='ltr'>olim</span> 
     </span>
    </p>

    <p class='ocr_par' dir='ltr' id='par_1_18' title="bbox 536 3423 2420 3958">
     <span class='ocr_line' id='line_1_29' title="bbox 539 3423 2168 3508; baseline 0.001 -24"><span class='ocrx_word' id='word_1_194' title='bbox 539 3423 817 3485; x_wconf 89' lang='lat' dir='ltr'>rusticus</span> <span class='ocrx_word' id='word_1_195' title='bbox 848 3424 1167 3485; x_wconf 83' lang='lat' dir='ltr'>urbanum</span> <span class='ocrx_word' id='word_1_196' title='bbox 1195 3444 1446 3486; x_wconf 83' lang='lat' dir='ltr'>murem</span> <span class='ocrx_word' id='word_1_197' title='bbox 1474 3445 1620 3486; x_wconf 89' lang='lat' dir='ltr'>mus</span> <span class='ocrx_word' id='word_1_198' title='bbox 1652 3445 1934 3508; x_wconf 84' lang='lat' dir='ltr'>paupere</span> <span class='ocrx_word' id='word_1_199' title='bbox 1963 3424 2168 3486; x_wconf 87' lang='lat' dir='ltr'>fertur</span> 
     </span>
     <span class='ocr_line' id='line_1_30' title="bbox 539 3534 2216 3621; baseline 0.002 -25"><span class='ocrx_word' id='word_1_200' title='bbox 539 3534 863 3618; x_wconf 85' lang='lat' dir='ltr'>accepisse</span> <span class='ocrx_word' id='word_1_201' title='bbox 894 3557 1074 3613; x_wconf 87' lang='lat' dir='ltr'>cav0,</span> <span class='ocrx_word' id='word_1_202' title='bbox 1106 3541 1397 3598; x_wconf 89' lang='lat' dir='ltr'>veterem</span> <span class='ocrx_word' id='word_1_203' title='bbox 1428 3543 1619 3599; x_wconf 85' lang='lat' dir='ltr'>vetus</span> <span class='ocrx_word' id='word_1_204' title='bbox 1650 3537 1885 3621; x_wconf 87' lang='lat' dir='ltr'>hospes</span> <span class='ocrx_word' id='word_1_205' title='bbox 1917 3538 2216 3616; x_wconf 90' lang='lat' dir='ltr'>amicum,</span> 
     </span>
     <span class='ocr_line' id='line_1_31' title="bbox 538 3648 2106 3732; baseline 0.003 -24"><span class='ocrx_word' id='word_1_206' title='bbox 538 3669 727 3731; x_wconf 85' lang='lat' dir='ltr'>asper</span> <span class='ocrx_word' id='word_1_207' title='bbox 757 3654 825 3711; x_wconf 85' lang='lat' dir='ltr'>et</span> <span class='ocrx_word' id='word_1_208' title='bbox 852 3654 1145 3712; x_wconf 88' lang='lat' dir='ltr'>attentus</span> <span class='ocrx_word' id='word_1_209' title='bbox 1177 3648 1506 3732; x_wconf 86' lang='lat' dir='ltr'>quaesitis,</span> <span class='ocrx_word' id='word_1_210' title='bbox 1538 3656 1614 3712; x_wconf 89' lang='lat' dir='ltr'>ut</span> <span class='ocrx_word' id='word_1_211' title='bbox 1643 3657 1861 3714; x_wconf 88' lang='lat' dir='ltr'>tamen</span> <span class='ocrx_word' id='word_1_212' title='bbox 1892 3656 2106 3712; x_wconf 87' lang='lat' dir='ltr'>artum</span> 
     </span>
     <span class='ocr_line' id='line_1_32' title="bbox 536 3751 2420 3848; baseline 0.002 -26"><span class='ocrx_word' id='word_1_213' title='bbox 536 3751 822 3824; x_wconf 79' lang='lat' dir='ltr'>&#39;solveret</span> <span class='ocrx_word' id='word_1_214' title='bbox 848 3759 1147 3844; x_wconf 86' lang='lat' dir='ltr'>hospitiis</span> <span class='ocrx_word' id='word_1_215' title='bbox 1176 3760 1482 3824; x_wconf 87' lang='lat' dir='ltr'>animum.</span> <span class='ocrx_word' id='word_1_216' title='bbox 1591 3762 1744 3846; x_wconf 87' lang='lat' dir='ltr'>quid</span> <span class='ocrx_word' id='word_1_217' title='bbox 1775 3765 2026 3826; x_wconf 86' lang='lat' dir='ltr'>multa?</span> <span class='ocrx_word' id='word_1_218' title='bbox 2073 3785 2284 3848; x_wconf 89' lang='lat' dir='ltr'>neque</span> <span class='ocrx_word' id='word_1_219' title='bbox 2313 3763 2420 3826; x_wconf 88' lang='lat' dir='ltr'>ille</span> 
     </span>
     <span class='ocr_line' id='line_1_33' title="bbox 538 3872 2035 3958; baseline 0.003 -23"><span class='ocrx_word' id='word_1_220' title='bbox 538 3872 805 3956; x_wconf 86' lang='lat' dir='ltr'>sepositi</span> <span class='ocrx_word' id='word_1_221' title='bbox 835 3872 1057 3936; x_wconf 88' lang='lat' dir='ltr'>ciceris</span> <span class='ocrx_word' id='word_1_222' title='bbox 1087 3895 1207 3936; x_wconf 89' lang='lat' dir='ltr'>nec</span> <span class='ocrx_word' id='word_1_223' title='bbox 1237 3875 1471 3958; x_wconf 83' lang='lat' dir='ltr'>longae</span> <span class='ocrx_word' id='word_1_224' title='bbox 1500 3875 1741 3938; x_wconf 89' lang='lat' dir='ltr'>invidit</span> <span class='ocrx_word' id='word_1_225' title='bbox 1769 3898 2035 3954; x_wconf 88' lang='lat' dir='ltr'>avenae,</span> 
     </span>
    </p>

    <p class='ocr_par' dir='ltr' id='par_1_19' title="bbox 535 3984 2154 4074">
     <span class='ocr_line' id='line_1_34' title="bbox 535 3984 2154 4074; baseline 0.004 -29"><span class='ocrx_word' id='word_1_226' title='bbox 535 3984 784 4048; x_wconf 86' lang='lat' dir='ltr'>aridum</span> <span class='ocrx_word' id='word_1_227' title='bbox 817 3992 883 4048; x_wconf 91' lang='lat' dir='ltr'>et</span> <span class='ocrx_word' id='word_1_228' title='bbox 913 4007 1022 4047; x_wconf 87' lang='lat' dir='ltr'>ore</span> <span class='ocrx_word' id='word_1_229' title='bbox 1054 3986 1264 4050; x_wconf 86' lang='lat' dir='ltr'>ferens</span> <span class='ocrx_word' id='word_1_230' title='bbox 1296 3987 1547 4050; x_wconf 86' lang='lat' dir='ltr'>acinum</span> <span class='ocrx_word' id='word_1_231' title='bbox 1584 4011 1960 4074; x_wconf 82' lang='lat' dir='ltr'>semesaque</span> <span class='ocrx_word' id='word_1_232' title='bbox 1993 3990 2154 4052; x_wconf 89' lang='lat' dir='ltr'>lardi</span> 
     </span>
    </p>
   </div>
   <div class='ocr_carea' id='block_1_3' title="bbox 2678 642 2738 687">
    <p class='ocr_par' dir='ltr' id='par_1_20' title="bbox 2678 642 2738 687">
     <span class='ocr_line' id='line_1_35' title="bbox 2678 642 2738 687; baseline 0 0"><span class='ocrx_word' id='word_1_233' title='bbox 2678 642 2738 687; x_wconf 83' lang='lat'>55</span> 
     </span>
    </p>
   </div>
   <div class='ocr_carea' id='block_1_4' title="bbox 2672 1189 2738 1236">
    <p class='ocr_par' dir='ltr' id='par_1_21' title="bbox 2672 1189 2738 1236">
     <span class='ocr_line' id='line_1_36' title="bbox 2672 1189 2738 1236; baseline 0 0"><span class='ocrx_word' id='word_1_234' title='bbox 2672 1189 2738 1236; x_wconf 91' lang='lat'>60</span> 
     </span>
    </p>
   </div>
   <div class='ocr_carea' id='block_1_5' title="bbox 2667 2327 2732 2373">
    <p class='ocr_par' dir='ltr' id='par_1_22' title="bbox 2667 2327 2732 2373">
     <span class='ocr_line' id='line_1_37' title="bbox 2667 2327 2732 2373; baseline 0 -11"><span class='ocrx_word' id='word_1_235' title='bbox 2667 2327 2732 2373; x_wconf 84' lang='grc'>70</span> 
     </span>
    </p>
   </div>
   <div class='ocr_carea' id='block_1_6' title="bbox 2666 2891 2733 2937">
    <p class='ocr_par' dir='ltr' id='par_1_23' title="bbox 2666 2891 2733 2937">
     <span class='ocr_line' id='line_1_38' title="bbox 2666 2891 2733 2937; baseline 0.045 -3"><span class='ocrx_word' id='word_1_236' title='bbox 2666 2891 2733 2937; x_wconf 83' lang='grc'>75</span> 
     </span>
    </p>
   </div>
   <div class='ocr_carea' id='block_1_7' title="bbox 2674 3441 2739 3488">
    <p class='ocr_par' dir='ltr' id='par_1_24' title="bbox 2674 3441 2739 3488">
     <span class='ocr_line' id='line_1_39' title="bbox 2674 3441 2739 3488; baseline 0 0"><span class='ocrx_word' id='word_1_237' title='bbox 2674 3441 2739 3488; x_wconf 84' lang='lat'>80</span> 
     </span>
    </p>
   </div>
  </div>
 </body>
</html>
