3109 4817
680 284 728 334 s
1048 257 1646 324 SERMONUM
1709 260 1745 323 I
1803 261 1848 324 4
2421 267 2546 330 243

337 449 468 493 non
498 431 659 495 satis
688 438 791 496 est
824 432 1002 516 puris
1031 455 1293 497 versum
1322 436 1723 519 perscribere
1753 435 1970 500 verbis
1973 486 1993 516 ,

339 564 534 628 quem
563 545 621 607 si
650 544 988 624 dissolvaS,
1022 546 1236 631 quivis
1267 549 1708 613 stomachetur
1737 548 1966 613 eodem
2481 582 2541 631 55

338 677 467 740 quo
496 665 883 742 personatus
912 665 1104 742 pacto
1135 667 1340 744 pater.
1444 661 1571 738 his,
1603 682 1728 746 ego
1762 683 1926 747 quae
1954 685 2150 740 nunc,

336 768 491 832 olim
522 792 687 855 quae
717 770 979 856 scripsit
1008 772 1316 851 Lucilius,
1350 772 1584 857 eripias
1615 773 1672 837 si

334 888 632 966 tempora
658 883 1222 971 certa-modosque
1253 892 1321 950 et
1352 886 1526 972 quod
1556 886 1736 970 prius
1768 885 1994 950 ordine
2029 888 2304 952 verbum
2340 897 2442 953 est

333 995 658 1079 posterius
688 995 907 1075 facias,
938 1018 1345 1082 praeponens
1376 999 1606 1062 ultima
1633 999 1882 1082 primiS,

330 1128 487 1186 non,
519 1115 593 1172 ut
624 1109 681 1172 si
710 1110 925 1173 solvas
956 1113 977 1144 ‘
997 1117 1342 1197 postquam
1374 1110 1714 1175 Discordia
1741 1117 1952 1175 taetra
2472 1131 2538 1179 60

331 1219 487 1283 belli
516 1221 790 1286 ferratos
820 1228 1043 1307 postes
1074 1229 1424 1309 portasque
1454 1223 1785 1308 refregit’,

329 1333 627 1398 invenias
658 1333 855 1399 etiam
884 1335 1141 1400 disiecti
1168 1337 1463 1400 membra
1491 1343 1746 1420 poetae.

327 1445 644 1511 hactenus
672 1448 869 1511 haec:
914 1449 1071 1513 alias
1099 1449 1343 1513 iustum
1373 1449 1461 1512 sit
1487 1471 1695 1513 necne
1725 1471 1976 1534 poema.

327 1581 501 1622 nunc
530 1559 691 1624 illud
721 1567 977 1624 tantum
1010 1583 1336 1647 quaeram,
1368 1561 1688 1625 meritone
1719 1561 1842 1625 tibi
1872 1562 1960 1626 sit

329 1679 703 1756 suspectum
732 1696 943 1758 genus
972 1675 1095 1738 hoc
1124 1674 1470 1738 scribendi.
1581 1673 1833 1738 Sulcius
1861 1696 2010 1738 acer
2467 1693 2532 1756 65

326 1784 617 1849 ambulat
646 1792 715 1851 et
747 1786 1040 1872 CapriuS,
1070 1788 1247 1851 rauci
1276 1788 1445 1851 male
1474 1809 1750 1873 cumque
1778 1787 2036 1861 libellis,

327 1917 606 1982 magnus
634 1906 911 1985 uterque
940 1901 1137 1964 timor
1162 1899 1564 1964 latronibus:
1610 1907 1680 1964 at
1708 1901 1876 1964 bene
1907 1901 2112 1987 siquis

328 2016 395 2072 et
423 2009 609 2074 vivat
637 2013 817 2096 puris
846 2013 1168 2092 manibus,
1200 2017 1579 2076 contemnat
1606 2019 1975 2098 utrumque.

322 2129 400 2186 ut
429 2122 517 2186 sis
548 2129 625 2187 tu
653 2124 880 2190 similis
915 2125 1091 2190 Caeli
1118 2125 1420 2210 Birrique
1448 2126 1796 2204 latronum,

250 2299 256 2304 ,
322 2256 455 2298 non
486 2257 613 2321 ego
642 2236 767 2300 sim
801 2237 995 2322 Capri
1022 2259 1236 2323 neque
1271 2237 1478 2302 Sulci:
1524 2259 1640 2301 cur
1667 2245 1920 2302 metuas
1949 2241 2106 2302 me?
2461 2271 2528 2315 70

320 2349 501 2412 nulla
528 2350 799 2413 taberna
826 2372 1007 2414 meos
1036 2351 1275 2414 habeat
1300 2372 1515 2436 neque
1546 2351 1678 2435 pila
1705 2350 1979 2429 libellos,

324 2461 469 2547 quis
498 2484 727 2526 manus
756 2461 1019 2526 insudet
1046 2463 1232 2547 vulgi
1261 2463 1829 2548 Hermogenisque
1859 2463 2118 2547 Tigelli.

320 2595 443 2638 nec
473 2574 675 2638 recito
705 2575 1005 2661 cuiquam
1033 2575 1161 2640 nisi
1190 2575 1436 2653 amicis,
1466 2574 1665 2661 idque
1695 2582 1977 2653 coactus,

318 2709 453 2751 non
483 2687 700 2751 ubivis
729 2708 1029 2751 coramve
1060 2687 1479 2774 quibuslibet.
1583 2689 1651 2751 in
1683 2688 1897 2752 medio
1930 2689 2041 2773 qui

320 2801 563 2885 scripta
591 2801 731 2864 foro
760 2800 1039 2865 recitent
1068 2809 1223 2865 sunt
1249 2800 1439 2865 multi
1470 2801 1710 2886 quique
1738 2802 2070 2865 lavantest
2456 2833 2520 2881 75

320 2935 521 2979 suave
548 2915 729 2978 locus
758 2914 906 2978 voci
933 2923 1197 2979 resonat
1224 2915 1586 2978 conclusus.
1688 2913 1914 2978 inanes

318 3026 441 3090 hoc
469 3026 676 3104 iuvat,
707 3025 881 3090 haud
906 3025 1069 3090 illud
1100 3032 1507 3111 quaerentes,
1542 3049 1702 3088 num
1732 3026 1872 3089 sine
1902 3047 2118 3103 sensu,

320 3145 613 3224 tempore
640 3161 800 3201 num
829 3138 1069 3202 faciant
1096 3139 1329 3204 alieno,
1437 3137 1732 3203 ‘laedere
1760 3139 2037 3223 gaudes'

313 3251 551 3338 inquit,
586 3257 605 3285 ‘
626 3258 694 3316 et
721 3252 845 3316 hoc
878 3251 1095 3316 studio
1124 3273 1364 3336 pravus
1393 3251 1604 3314 facis'.
1707 3251 1879 3315 unde
1910 3251 2188 3336 petitum

313 3364 437 3428 hoc
464 3365 534 3427 in
564 3387 671 3429 me
697 3364 901 3429 iacis?
948 3372 1051 3429 est
1078 3371 1304 3428 auctor
1332 3363 1477 3449 quis
1506 3362 1788 3449 denique
1822 3385 2046 3427 eorum
2453 3379 2518 3426 80

312 3477 451 3541 vixi
480 3499 629 3541 cum
660 3478 942 3564 quibus?
988 3478 1327 3542 absentem
1358 3475 1470 3561 qui
1498 3476 1678 3540 rodit
1699 3475 2000 3553 amicmn,

315 3590 427 3675 qui
460 3611 594 3654 non
624 3590 920 3656 defendit
947 3591 1073 3654 alio
1104 3590 1429 3675 culpante,
1462 3588 1708 3652 solutos

315 3702 429 3788 qui
457 3710 678 3787 captat
705 3703 872 3768 risus
902 3702 1237 3768 hominum
1268 3703 1634 3786 famamque
1662 3699 1924 3778 dicacis,

310 3815 561 3901 fingere
592 3816 703 3902 qui
730 3838 865 3881 non
893 3815 1036 3882 visa
1066 3822 1307 3900 potest,
1339 3813 1681 3878 commissa
1710 3817 1926 3878 tacere

312 3927 425 4013 qui
452 3929 704 4014 nequit,
734 3928 841 3993 hic
868 3928 1063 4014 niger
1092 3935 1213 4005 est,
1244 3927 1418 3990 hunc
1448 3933 1544 4005 tu,
1576 3924 1891 4004 Romane,
1923 3932 2175 3990 caveto,
2446 3941 2509 4002 85

312 4063 507 4127 saepe
536 4043 747 4106 tribus
774 4043 963 4106 lectis
992 4040 1217 4106 videas
1248 4061 1478 4104 cenare
1512 4045 1884 4124 quaternos,
