3109 4817
543 201 668 265 318
1406 193 1847 260 HORATII

1596 2018 1699 2084 VI

573 2258 759 2456 N
790 2266 884 2330 IL
914 2265 1219 2329 admirari
1248 2286 1450 2350 prope
1481 2288 1586 2330 res
1618 2275 1720 2330 est
1747 2288 1899 2345 una,
1930 2266 2215 2344 Numici,

834 2379 1096 2463 solaque
1131 2399 1294 2462 quae
1324 2380 1533 2462 possit
1561 2380 1772 2442 facere
1804 2386 1872 2442 et
1901 2401 2159 2443 servare
2190 2379 2475 2442 beatum.

547 2492 720 2555 hunc
750 2492 952 2555 solem
983 2498 1052 2554 et
1081 2490 1300 2554 stellas
1333 2497 1402 2554 et
1430 2491 1814 2555 decedentia
1841 2492 2035 2556 certis

550 2612 845 2688 tempora
871 2603 1219 2666 momentis
1251 2609 1407 2667 sunt
1437 2603 1549 2688 qui
1578 2604 1920 2668 formidine
1949 2605 2127 2667 nulla

547 2716 784 2780 imbuti
813 2722 1131 2801 spectent.
1225 2716 1379 2801 quid
1410 2738 1635 2781 censes
1665 2739 1934 2781 munera
1963 2718 2223 2781 terrae?

553 2829 707 2914 quid
738 2827 933 2892 maris
964 2834 1289 2892 extremos
1320 2828 1574 2893 Arabas
1603 2829 1875 2894 ditantis
1903 2838 1973 2894 et
2000 2830 2251 2894 Indos?

550 2942 797 3006 ludicra
828 2941 1005 3027 quid,
1036 2942 1300 3026 plausus
1331 2949 1399 3006 et
1425 2942 1616 3005 amici
1646 2942 1817 3006 dona
1849 2917 2166 3024 Quiritis?

556 3078 681 3142 quo
712 3054 1065 3140 spectanda
1092 3054 1310 3133 modo,
1346 3077 1473 3139 quo
1504 3077 1701 3119 sensu
1729 3055 1939 3119 credis
1971 3061 2040 3119 et
2069 3055 2229 3119 ore?

554 3169 664 3254 qui
693 3169 883 3232 timet
910 3168 1012 3231 his
1041 3167 1335 3245 adversa,
1368 3168 1502 3231 fere
1531 3167 1804 3232 miratur
1832 3167 2062 3232 eodem

554 3302 682 3365 quo
712 3279 979 3365 cupiens
1009 3286 1235 3364 pacto:
1282 3302 1487 3365 pavor
1516 3286 1620 3344 est
1647 3281 1993 3366 utrobique
2021 3281 2356 3360 molestus,

550 3392 882 3478 inprovisa
910 3392 1102 3457 simu]
1131 3392 1379 3477 species
1410 3399 1700 3457 exterret
1727 3399 2095 3477 utrumque.

553 3506 838 3591 gaudeat
865 3528 949 3569 an
978 3504 1217 3583 doleat,
1250 3505 1470 3590 cupiat
1497 3513 1854 3584 metuatne,
1888 3505 2042 3590 quid
2071 3504 2154 3567 ad
2183 3526 2346 3583 rem,

553 3618 631 3696 si,
666 3617 970 3703 quioquid
999 3617 1169 3681 vidit
1196 3617 1425 3681 melius
1457 3618 1769 3702 peiusque
1800 3640 1917 3682 sua
1945 3639 2082 3701 spe,

555 3731 784 3794 defixis
814 3729 1015 3793 oculis
1045 3729 1389 3814 animoque
1421 3737 1489 3794 et
1518 3752 1786 3815 corpore
1816 3731 2082 3815 torpet?

552 3843 766 3906 insani
795 3842 1052 3927 sapiens
1081 3863 1320 3907 nomen
1350 3842 1537 3922 ferat,
1568 3864 1812 3928 aequus
1840 3817 2070 3927 iniqm,

555 3956 726 4019 ultra
756 3977 948 4040 quam
979 3954 1136 4019 satis
1167 3961 1269 4020 est
1297 3956 1610 4020 virtutem
1641 3955 1695 4019 si
1725 3958 1910 4040 petat
1936 3955 2166 4039 ipsam.

2707 3313 2773 3347 10

2711 3876 2776 3924 ยน5
