3109 4817
646 171 773 240 238
1508 171 1983 238 HORATII

644 360 715 416 et
741 349 1085 416 iactantior
1110 349 1216 413 hic
1245 349 1437 434 paulo
1469 357 1606 413 est:
1655 348 2008 414 concinnus
2035 349 2260 413 amicis

646 465 935 552 postulat
962 469 1039 527 ut
1067 463 1388 527 videatur.
1492 469 1564 528 at
1591 471 1695 528 est
1723 463 2149 528 truculentior
2175 470 2374 548 atque

645 581 794 665 plus
823 597 1035 664 aequo
1063 577 1267 641 liber:
1314 576 1593 661 simplex
1620 577 1938 662 fortisque
1965 576 2303 640 habeatur.

642 691 886 757 caldior
916 698 1053 755 est:
1100 711 1281 754 acres
1310 689 1485 754 inter
1510 696 1912 754 numeretur.
2017 689 2267 774 opinor,

644 805 805 870 haec
833 827 939 868 res
968 811 1039 868 et
1065 803 1306 888 iungit,
1336 803 1594 867 iunctos
1625 810 1694 867 et
1722 809 1942 867 servat
1969 801 2230 866 amicos.

642 923 714 982 at
739 938 861 981 nos
888 916 1171 980 virtutes
1198 917 1375 1000 ipsas
1406 915 1795 980 invertimus
1824 922 2022 1002 atque

646 1030 972 1094 sincerum
1005 1029 1303 1114 cupimus
1331 1051 1449 1093 vas
1475 1029 1859 1094 incrustare.
1963 1029 2206 1114 probus
2238 1028 2382 1114 quis

644 1143 988 1208 nobiscum
1016 1142 1206 1220 vivit,
1237 1142 1515 1205 multum
1542 1141 1863 1206 demissus
1891 1142 2089 1205 homo
2115 1141 2266 1206 ille:

644 1257 833 1320 tardo
868 1276 1256 1340 cognomen,
1287 1254 1517 1340 pingui
1546 1254 1800 1320 damus,
1901 1254 2008 1319 hic
2035 1255 2210 1340 fugit
2237 1275 2462 1319 omnes

644 1369 915 1434 insidias
944 1368 1235 1454 nullique
1265 1369 1435 1431 malo
1464 1369 1636 1432 latus
1667 1369 1855 1433 obdit
1882 1375 2204 1454 apertum,

642 1505 791 1547 cum
820 1503 1031 1568 genus
1060 1482 1185 1546 hoc
1212 1481 1388 1546 inter
1416 1481 1593 1545 vitae
1625 1503 1982 1560 versemur,
2014 1481 2129 1545 ubi
2158 1481 2324 1544 acris

642 1595 891 1659 invidia
918 1601 1117 1680 atque
1144 1594 1380 1680 vigent
1410 1594 1526 1658 ubi
1552 1593 1860 1659 crimina:
1908 1615 2028 1678 pro
2056 1595 2224 1658 bene
2254 1615 2412 1658 sano

643 1731 720 1774 ac
747 1730 881 1773 non
908 1708 1171 1771 incauto
1199 1707 1424 1771 fictum
1454 1714 1875 1793 astutumque
1904 1729 2234 1772 vocamus,

646 1821 998 1907 simplicior
1028 1818 1172 1905 quis
1204 1825 1273 1884 et
1301 1827 1405 1884 est
1434 1821 1693 1905 qualem
1720 1842 1827 1884 me
1856 1841 2050 1906 saepe
2079 1820 2362 1884 libenter

646 1935 994 2020 optulerim
1024 1932 1169 2010 tibi,
1201 1933 1572 2012 Maecenas,
1604 1940 1680 1999 ut
1708 1933 1877 1999 forte
1905 1934 2238 2018 legentem

645 2053 761 2112 aut
788 2046 1061 2111 tacitum
1089 2046 1384 2130 impellat
1413 2046 1646 2131 quovis
1677 2067 2010 2111 sermone:
2059 2051 2080 2081 ‘
2110 2047 2445 2125 molestus,

648 2159 978 2224 communi
1007 2180 1206 2223 sensu
1234 2158 1427 2244 plane
1456 2165 1637 2224 caret
1650 2161 1670 2191 '
1701 2159 2054 2245 inquimus.
2159 2160 2326 2224 eheu

650 2295 844 2358 quam
875 2279 1121 2336 temere
1148 2271 1219 2335 in
1246 2278 1507 2336 nosmet
1532 2273 1750 2357 legem
1786 2273 2109 2337 sancimus
2137 2273 2428 2358 iniquam
2455 2274 2469 2337 !

646 2407 801 2448 nam
828 2384 1008 2449 vitiis
1035 2406 1229 2448 nemo
1260 2383 1400 2449 sine
1428 2384 1752 2449 nascitur:
1800 2385 2084 2470 optimus
2112 2384 2222 2449 ille
2253 2392 2376 2464 est,

651 2497 765 2584 qui
790 2497 1075 2560 minimis
1104 2504 1399 2583 urgetur.
1500 2497 1746 2562 amicus
1776 2498 2006 2576 dulcis,
2035 2503 2113 2561 ut
2140 2518 2420 2583 aequum
2451 2504 2576 2576 est,

649 2633 799 2674 cum
827 2631 973 2674 mea
1001 2617 1382 2694 compenset
1409 2610 1590 2675 vitiis
1619 2611 1814 2688 bona,
1845 2610 2143 2694 pluribus
2173 2610 2376 2689 hisce,

650 2723 708 2787 si
734 2723 929 2787 modo
958 2723 1145 2808 plura
1173 2723 1335 2787 mihi
1362 2724 1536 2788 bona
1565 2730 1742 2802 sunt,
1770 2722 2063 2802 inclinet,
2094 2724 2296 2786 amari

652 2837 708 2900 si
735 2837 949 2901 volet:
994 2837 1117 2900 hac
1143 2838 1293 2918 lege
1322 2836 1393 2899 in
1422 2835 1671 2900 trutina
1698 2843 1980 2920 ponetur
2007 2836 2256 2913 eadem,

654 2949 766 3034 qui
793 2970 878 3013 ne
908 2949 1249 3014 tuberibus
1277 2949 1558 3034 propriis
1588 2949 1879 3013 offendat
1905 2949 2186 3013 amicum

652 3063 963 3148 postulat,
994 3062 1296 3147 ignoscet
1324 3063 1614 3126 verrucis
1643 3062 1856 3126 illius:
1903 3083 2184 3147 aequum
2215 3069 2317 3126 est

653 3175 935 3260 peccatis
964 3175 1224 3240 veniam
1253 3182 1632 3259 poscentem
1662 3175 1938 3238 reddere·
1964 3197 2210 3238 rursus·

652 3287 957 3376 denique,
992 3295 1312 3374 quatenus
1342 3287 1555 3351 excidi
1585 3287 1848 3372 penitus
1877 3288 2112 3352 vitium
2141 3288 2299 3366 irae,

652 3411 870 3468 cetera
895 3403 1055 3467 item
1083 3409 1422 3487 nequeunt
1451 3400 1670 3466 stultis
1699 3401 2056 3481 haerentia,
2088 3423 2204 3465 cur
2230 3421 2364 3464 non

654 3516 1053 3603 ponderibus
1078 3515 1488 3599 modulisque
1518 3513 1654 3578 suis
1682 3514 1849 3577 ratio
1879 3513 2106 3591 utitur,
2139 3535 2214 3578 ac
2242 3535 2349 3577 res

651 3637 729 3693 ut
758 3651 1052 3715 quaeque
1082 3635 1204 3707 est,
1234 3628 1328 3692 ita
1357 3626 1691 3712 suppliciis
1721 3626 1958 3690 delicta
1987 3627 2291 3690 coercet?

652 3743 857 3831 siquis
888 3764 1037 3806 eum
1066 3763 1350 3820 servum,
1380 3740 1670 3825 patinam
1702 3739 1816 3824 qui
1843 3739 2070 3803 tollere
2097 3739 2312 3803 iussus

657 3877 942 3920 semesos
970 3854 1168 3940 piscis
1198 3854 1623 3939 tepidumque
1651 3851 2010 3937 ligurrierit
2033 3851 2157 3930 ius,

662 3970 729 4032 in
760 3991 949 4032 cruce
980 3967 1265 4051 suffigat,
1298 3967 1604 4031 Labeone
1631 3964 1920 4029 insanior
1947 3964 2121 4028 inter

2800 942 2858 990 5⁵

2788 1493 2852 1540 60

2794 3203 2850 3252 75

2800 3756 2860 3803 80
