3109 4817
539 175 665 239 256
1399 168 1868 235 HORATII

536 347 916 413 muneribus
944 337 1214 435 missis),
1248 345 1455 409 Bruto
1486 350 1784 429 praetore
1816 352 2083 409 tenente

536 461 741 525 ditem
770 459 1020 538 Asiam,
1052 458 1274 544 Rupili
1306 465 1375 522 et
1403 457 1588 521 Persi
1617 480 1736 543 par
1763 465 2039 542 pugnat,
2071 457 2167 521 uti
2197 478 2332 520 non

538 572 966 658 compositum
994 571 1226 635 melius
1256 592 1405 634 cum
1433 571 1635 635 Bitho
1665 570 2005 634 Bacchius.
2107 571 2178 632 in
2205 570 2308 633 ius

535 707 716 749 acres
747 690 1158 770 procurrunt,
1188 705 1502 769 magnum
1531 682 1971 769 spectaculum
2000 689 2298 768 uterque.

538 797 800 862 Persius
830 797 1099 883 exponit
1127 818 1425 873 causam,
1468 796 1724 860 ridetur
1750 797 1833 860 ab
1865 796 2042 858 omni

536 917 898 987 conventu3
942 908 1165 973 laudat
1193 909 1475 972 Brutum
1504 908 1856 994 laudatque
1885 908 2243 987 cohortem,

536 1023 739 1087 solem
767 1022 967 1086 Asiae
997 1022 1276 1086 Brutum
1304 1022 1593 1106 appellat
1619 1021 1969 1106 stellasque
2000 1021 2295 1085 salubres

533 1137 819 1220 appellat
846 1134 1139 1212 comites,
1172 1140 1446 1219 excepto
1476 1134 1702 1219 Rege;
1747 1156 1976 1198 canem
2005 1134 2211 1212 illum,

532 1246 816 1313 invisum
844 1247 1145 1333 agricolis
1175 1246 1353 1310 sidus
1356 1295 1376 1325 ,
1407 1246 1706 1324 venisse3
1751 1248 1987 1311 ruebat

533 1359 778 1424 flumen
807 1366 884 1424 ut
910 1359 1279 1438 hibernum,
1311 1359 1522 1423 fertur
1550 1382 1681 1446 quo
1711 1382 1856 1423 rara
1885 1359 2151 1424 securis,

533 1479 675 1536 tum
703 1471 1168 1537 Praenestinus
1198 1472 1367 1537 salso
1394 1473 1732 1559 multoque
1763 1472 1994 1536 fluenti

533 1606 841 1669 expressa
868 1585 1136 1649 arbusto
1164 1585 1413 1670 regerit
1440 1585 1748 1664 convitia,
1781 1584 1985 1649 durus

531 1696 966 1762 vindemiator
994 1704 1063 1761 et
1090 1697 1374 1762 invictus
1376 1747 1397 1778 ,
1429 1697 1534 1763 cui
1565 1720 1758 1783 saepe
1787 1698 2002 1762 viator

531 1810 835 1874 cessisset
860 1832 1102 1894 magna
1130 1812 1525 1895 compellans
1552 1833 1715 1876 voce
1745 1811 2065 1876 cuculum.

531 1929 602 1986 at
634 1923 942 2002 Graecus,
974 1930 1323 2009 postquam
1354 1930 1456 1988 est
1485 1924 1658 1988 Italo
1689 1925 1989 2008 perfusus
2017 1931 2226 2003 acet0,

532 2035 793 2100 Persius
825 2036 1145 2100 exclamat
1175 2040 1196 2071 ‘
1214 2058 1334 2121 per
1361 2058 1660 2122 magnos,
1691 2037 1919 2116 Brute,
1951 2037 2109 2100 deos
2139 2044 2208 2100 te

529 2169 666 2225 oro,
700 2148 813 2234 qui
840 2169 1032 2234 reges
1062 2149 1394 2213 consueris
1424 2151 1676 2228 tollere,
1707 2171 1823 2212 cur
1850 2170 1984 2212 non

2678 1730 2743 1777 30

527 2259 701 2323 hunc
720 2259 971 2346 Regem
986 2261 1286 2347 iugulas?
1335 2284 1606 2347 operum
1624 2261 1771 2340 hoc,
1789 2261 1950 2325 mihi
1967 2262 2182 2340 crede,
2200 2269 2460 2327 tuorum
2480 2265 2633 2328 est'.
2673 2293 2699 2340 3
2713 2295 2736 2342 ς
