3109 4817
929 249 1674 317 EPISTULARUM
1740 252 1775 315 I
1835 254 1898 331 3,
1945 252 1989 314 4

1376 2100 1522 2164 IIII

359 2329 731 2526 ALBI,
759 2342 1129 2401 nostrorum
1159 2357 1529 2401 sermonum
1560 2336 1834 2401 candide
1861 2337 2081 2417 iudex,

599 2449 754 2535 quid
783 2471 957 2512 nunc
988 2456 1054 2513 te
1083 2449 1297 2512 dicam
1326 2449 1536 2513 facere
1565 2450 1635 2512 in
1664 2450 1932 2536 regione
1963 2451 2274 2515 Pedana?

353 2562 630 2626 scribere
663 2561 838 2646 quod
871 2561 1053 2625 Cassi
1082 2560 1452 2625 Parmensis
1483 2562 1792 2646 opuscula
1819 2563 2061 2641 vincat,

352 2696 434 2737 an
463 2675 733 2738 tacitum
763 2675 959 2739 silvas
988 2674 1162 2739 inter
1194 2682 1453 2760 reptare
1489 2676 1782 2740 salubres
1784 2726 1805 2755 ,

351 2793 686 2850 curantem
717 2786 1030 2872 quicquid
1063 2788 1340 2873 dignum
1369 2788 1663 2873 sapiente
1693 2790 1995 2876 bonoque
2026 2792 2175 2854 est?

351 2920 482 2961 non
512 2905 586 2962 tu
618 2921 851 2983 corpus
882 2921 1024 2964 eras
1054 2899 1193 2964 sine
1223 2908 1523 2986 pectore:
1571 2900 1641 2964 di
1670 2901 1793 2964 tibi
1821 2903 2115 2980 formam,

350 3010 419 3073 di
449 3010 572 3075 tibi
599 3011 861 3074 divitias
890 3012 1214 3077 dederunt.
1240 3020 1579 3097 artemque
1608 3012 1884 3077 fruendi.

355 3123 509 3207 quid
536 3130 776 3187 voveat
803 3124 977 3188 dulci
1004 3125 1326 3189 nutricula
1354 3127 1562 3189 maius
1591 3126 1852 3189 alumno
1855 3174 1874 3204 ,

356 3236 465 3320 qui
494 3258 719 3320 sapere
750 3243 819 3300 et
844 3236 965 3300 fari
993 3239 1202 3322 possit
1232 3258 1396 3322 quae
1427 3237 1689 3315 sentiat,
1723 3244 1792 3301 et
1819 3238 1923 3301 cui

354 3334 584 3434 grafia,
613 3350 806 3427 fam‘a,
836 3350 1142 3415 valetudo
1172 3349 1513 3435 contingat
1540 3348 1822 3428 abunde,

356 3468 425 3525 et
450 3462 732 3526 mundus
760 3461 996 3540 victuS,
1026 3484 1160 3525 non
1188 3461 1531 3525 deficiente
1562 3463 1917 3525 crumena?

353 3573 525 3638 inber
553 3595 737 3658 spem
766 3595 1140 3659 curamque,
1172 3574 1440 3638 timores
1469 3574 1644 3637 inter
1673 3580 1742 3637 et
1767 3574 1897 3637 iras

356 3706 613 3751 omnem
642 3686 834 3750 erede
863 3687 1039 3751 diem
1068 3685 1192 3750 tibi
1220 3686 1531 3750 diluxisse
1563 3708 1972 3770 supremum:

357 3804 543 3881 grata
570 3798 987 3883 superveniet
1017 3819 1180 3883 quae
1208 3819 1340 3860 non
1372 3798 1739 3882 sperabitur
1767 3799 1946 3862 hora.

355 3931 459 3974 me
487 3912 799 3996 pinguem
829 3918 897 3975 eb
924 3910 1205 3974 nitidum
1234 3909 1402 3973 bene
1431 3917 1653 3974 curata
1682 3917 1830 3974 cute
1859 3910 2056 3987 viseS‚

358 4043 502 4086 cum
529 4022 741 4086 ridere
771 4025 949 4089 voles
952 4073 972 4102 ‚
1005 4023 1270 4107 Epicuri
1299 4022 1380 4086 de
1410 4045 1614 4109 grege
1645 4046 1935 4109 porcum.

2422 251 2546 316 315

2486 3380 2550 3413 10

2487 3942 2547 3990 ¹5
