3109 4817
493 240 622 303 284
1370 237 1834 303 HORATII

493 412 688 477 lautn‘s
717 434 908 476 mane
939 434 1142 477 senex
1169 412 1470 477 manibus
1501 413 1807 477 currebat
1840 420 1910 478 et
1940 420 1959 449 ‘
1976 438 2177 477 unum

507 525 689 610 (quid
721 530 857 588 tam
887 548 1200 611 magnum
1223 528 1274 590 ?’
1321 526 1596 606 addens)
1642 530 1881 590 ‘unum
1907 548 2015 591 me
2046 528 2297 613 surpite
2324 530 2523 593 morti

493 637 596 703 dis
627 637 872 702 etenim
902 639 1088 703 facile
1121 646 1225 703 est
1241 641 1260 670 ’
1294 639 1523 703 orabat
1546 664 1566 716 3
1613 661 1808 705 sanus
1838 641 2133 725 utrisque

491 751 756 815 auribus
787 756 984 836 atque
1015 752 1253 815 oculis:
1301 758 1615 831 mentem,
1646 752 1775 817 nisi
1802 752 2151 838 litigiosus,
2601 770 2705 832 285

491 863 824 948 exciperet
852 864 1176 943 dominus,
1209 887 1359 928 cum
1387 866 1729 931 venderet.
1831 866 1955 930 hoc
1987 888 2247 952 quoque
2275 868 2517 953 vulgus

496 974 900 1061 Chrysippus
929 976 1118 1061 ponit
1146 976 1428 1040 fecunda
1455 977 1524 1039 in
1555 984 1758 1061 gente
1789 977 2083 1043 Meneni.

491 1092 512 1121 ‘
534 1087 860 1173 Iuppiter,
891 1089 1199 1174 ingentes
1237 1088 1350 1174 qui
1379 1089 1496 1153 das
1527 1090 1891 1175 adimisque
1920 1090 2177 1155 dolores
2192 1093 2237 1169 ³,

488 1208 698 1265 mater
727 1200 820 1265 ait
849 1200 1034 1286 pueri
1061 1223 1322 1265 menses
1351 1202 1484 1264 iam
1516 1202 1805 1287 quinque
1834 1203 2157 1281 cubantis,

493 1317 512 1345 ‘
533 1312 771 1395 frigida
801 1313 856 1377 si
885 1336 1158 1399 puerum
1192 1320 1508 1398 quartana
1535 1313 1897 1399 reliquerit,
1926 1314 2038 1379 fflo
2604 1344 2707 1395 290

490 1447 680 1489 mane
712 1426 841 1505 die,
876 1448 1003 1511 quo
1034 1433 1109 1490 tu
1141 1426 1376 1491 indicis
1405 1426 1669 1505 ieiunia,
1700 1426 1917 1491 nudus

486 1540 558 1602 in
587 1538 808 1603 Tiberi
838 1539 1097 1603 stabit’.
1200 1562 1388 1603 casus
1417 1538 1796 1603 medicusve
1824 1539 2061 1604 levarit

487 1674 762 1736 aegrum
793 1674 876 1715 ex
904 1651 1270 1736 praecipiti,
1303 1658 1515 1716 mater
1543 1652 1750 1715 delira
1776 1652 2043 1717 necabit

487 1765 558 1827 in
587 1765 807 1850 gelida
833 1764 1038 1826 fixum
1066 1765 1232 1849 ripa,
1265 1764 1633 1850 febrimque
1663 1764 1954 1829 reducet.

491 1899 704 1962 quone
733 1877 904 1940 malo
927 1882 1217 1941 mentem
1247 1898 1561 1942 concussa
1587 1879 1614 1941 ?
1662 1877 1896 1942 timore
1925 1878 2262 1944 deorum”.
2600 1908 2701 1958 295

485 1991 648 2054 haec
674 1989 838 2052 mihi
871 1989 1248 2067 Stertinius,
1281 1990 1653 2075 sapientum
1683 1997 1975 2069 octavus,
2006 1993 2217 2055 amico

487 2124 666 2166 arma
701 2103 906 2181 dedit,
937 2102 1212 2187 posthac
1241 2124 1326 2167 ne
1356 2104 1783 2187 compellarer
1810 2104 2083 2169 inultus.

487 2216 728 2281 dixerit
753 2216 1058 2281 insanum
1084 2217 1198 2302 qui
1225 2238 1356 2295 me,
1392 2217 1672 2281 totidem
1702 2218 1927 2281 audiet
1954 2226 2154 2304 atque

487 2328 810 2414 respicere
839 2329 1071 2415 ignoto
1102 2330 1314 2395 discet
1343 2331 1701 2414 pendentia
1730 2332 1976 2416 tergo’.

487 2442 713 2520 stoice,
745 2450 898 2527 post
925 2442 1236 2506 damnum
1266 2443 1358 2507 sic
1387 2443 1637 2508 vendas
1670 2442 1887 2507 omnia
1917 2443 2145 2529 pluris,
2602 2474 2704 2521 300

489 2575 618 2637 qua
645 2576 751 2618 me
781 2554 1084 2633 stultitia,
1120 2555 1428 2640 quoniam
1456 2577 1594 2619 non
1624 2563 1727 2619 est
1756 2578 1969 2640 genus
1998 2579 2224 2634 unum,

485 2666 770 2731 insanire
800 2668 1040 2752 putas?
1089 2688 1216 2753 ego
1243 2690 1398 2731 nam
1427 2667 1658 2732 videor
1686 2668 1850 2731 mihi
1878 2690 2095 2733 sanus.

493 2778 736 2863 ‘,quid?
785 2788 981 2865 caput
1009 2780 1372 2845 abscissum
1399 2781 1703 2845 manibus
1734 2804 1884 2844 cum
1914 2787 2135 2865 portat
2162 2782 2397 2867 Agaue

487 2892 676 2977 gnati
707 2894 1003 2972 infelicis,
1035 2893 1163 2957 sibi
1193 2899 1335 2957 tum
1363 2894 1611 2958 furiosa
1638 2894 1903 2958 videtur
1921 2895 1971 2957 ?’

489 3008 760 3070 stultum
791 3029 898 3072 me
927 3008 1138 3071 fateor
1181 3007 1400 3091 (liceat
1427 3008 1785 3072 concedere
1814 3006 2013 3085 veris)
2599 3038 2701 3087 305

487 3127 685 3205 atque
716 3120 914 3185 etiam
936 3120 1279 3185 insanum:
1328 3126 1585 3185 tantum
1616 3120 1741 3183 hoc
1772 3120 2081 3199 edissere,
2116 3142 2243 3206 quo
2274 3142 2379 3183 me

487 3240 826 3318 aegrotare
857 3240 1050 3319 putes
1080 3232 1280 3297 animi
1310 3233 1496 3298 vitio.
1603 3238 1626 3268 ‘
1645 3233 1889 3319 accipe.
1993 3234 2277 3318 primum

483 3344 806 3424 aedificas,
838 3346 964 3410 hoc
995 3352 1099 3410 est
1125 3347 1360 3431 longos
1390 3345 1690 3425 imitaris,
1722 3347 1807 3410 ab
1835 3346 1969 3409 imo

485 3459 568 3522 ad
599 3481 924 3523 summum
954 3466 1134 3524 totus
1163 3460 1411 3523 moduli
1433 3460 1754 3544 bipedalis
1782 3485 1797 3523 τ
1846 3466 1915 3523 et
1942 3460 2113 3523 idem

485 3594 754 3657 corpore
782 3572 1093 3636 maiorem
1122 3572 1296 3636 rides
1326 3571 1651 3636 Turbonis
1678 3573 1749 3636 in
1778 3572 1974 3636 armis
2600 3604 2627 3651 3
2642 3606 2707 3640 ιο

486 3686 787 3770 spiritum
818 3692 886 3749 et
912 3685 1239 3749 incessum
1264 3709 1278 3747 :
1329 3684 1440 3771 qui
1467 3685 1780 3749 ridiculus
1810 3684 2025 3749 minus
2053 3684 2165 3747 illo
2188 3686 2215 3748 ἲ

485 3820 569 3860 an
603 3799 1054 3882 quodcumque
1085 3797 1242 3861 facit
1270 3798 1641 3876 MaecenaS,
1674 3805 1743 3861 te
1776 3818 2033 3883 quoque
2062 3818 2291 3860 verum
2323 3804 2448 3876 est,

485 3916 741 3974 tantum
772 3910 1176 3989 dissimilem,
1209 3918 1278 3973 et
1307 3917 1494 3974 tanto
1523 3918 1774 3975 certare
1802 3910 2169 3975 minorem?

482 4024 772 4087 absentis
800 4045 996 4087 ranae
1028 4022 1222 4108 pullis
1254 4022 1446 4087 vituli
1475 4024 1645 4108 pede
1676 4023 1941 4109 pressis,
