3109 4817
527 211 656 276 244
1399 206 1858 273 HORATII

531 410 567 452 e
599 385 835 473 quibus
867 407 1034 448 unus
1065 389 1242 448 amet
1273 383 1500 469 quavis
1529 404 1879 468 aspergere
1910 389 2180 447 cunctos

532 507 793 586 praeter
820 521 970 562 eum
1002 497 1112 583 qui
1141 498 1416 582 praebet
1443 519 1715 582 aquam;
1762 503 1913 581 post
1940 497 2114 560 hunc
2146 517 2405 581 quoque
2434 501 2651 580 potus,

530 612 794 679 condita
823 633 971 675 cum
999 632 1202 676 verax
1229 611 1444 696 aperit
1472 609 1851 694 praecordia
1881 609 2100 674 Liber.

532 725 638 790 hic
670 725 792 789 tibi
821 723 1022 788 comis
1053 730 1121 788 et
1149 723 1435 786 urbanus
1463 723 1761 809 liberque
1788 721 2072 801 videtur,
2674 747 2743 796 90

533 836 772 902 infesto
800 836 1046 920 nigris:
1093 858 1220 921 ego
1251 835 1308 899 si
1335 834 1472 914 risi,
1506 834 1683 920 quod
1714 836 1978 920 ineptus

535 949 827 1034 pastillos
856 948 1130 1012 Rufillus
1161 949 1316 1026 olet,
1350 949 1717 1033 Gargonius
1746 948 2021 1026 hircum,

533 1062 774 1129 lividus
804 1068 874 1126 et
899 1061 1172 1125 mordax
1201 1061 1430 1126 videor
1457 1061 1632 1126 tibi?
1679 1061 1927 1126 mentio
1956 1060 2142 1146 siqua

536 1176 620 1240 de
654 1173 1001 1260 Capitolini
1028 1173 1218 1238 furtis
1246 1173 1486 1238 iniecta
1515 1173 1735 1237 Petilli

539 1295 608 1352 te
637 1309 853 1352 coram
881 1287 1098 1365 fuerit,
1129 1285 1442 1350 defendas
1471 1293 1548 1350 ut
1576 1293 1730 1351 tuus
1760 1293 1864 1352 est
1890 1308 2069 1351 mos:
2677 1316 2707 1364 9
2719 1315 2743 1360 5

537 1407 559 1437 ‘
576 1423 683 1466 me
717 1399 1118 1486 Capitolinus
1149 1399 1520 1466 convictore
1547 1422 1705 1464 usus
1733 1402 2070 1487 amicoque

536 1537 577 1578 a
604 1536 807 1599 puero
839 1521 962 1592 est,
994 1535 1316 1599 causaque
1344 1533 1491 1577 mea
1519 1514 1844 1598 permulta
1871 1521 2143 1599 rogatus

535 1626 711 1705 fecit,
742 1632 812 1690 et
838 1624 1180 1690 incolumis
1207 1626 1416 1690 laetor
1447 1626 1623 1711 quod
1652 1625 1821 1690 vivit
1846 1627 1918 1689 in
1947 1628 2151 1704 urbe3

540 1738 657 1804 sed
686 1746 905 1804 tamen
934 1737 1218 1801 admiror
1248 1759 1376 1824 quo
1405 1744 1597 1823 pacto
1626 1739 1939 1804 iudicium
1966 1739 2127 1804 illud

541 1851 838 1938 fugerit’.
876 1903 907 1924 .
941 1850 1048 1914 hic
1075 1850 1304 1936 nigrae
1335 1872 1528 1916 sucus
1555 1852 1889 1938 lolliginis,
1918 1852 2079 1916 haec
2110 1859 2212 1916 est
2649 1879 2749 1914 ιοο

541 1986 786 2050 aerugo
815 1985 1028 2027 mera:
1085 1962 1260 2049 quod
1287 1964 1522 2029 vitium
1552 1965 1780 2048 procul
1807 1965 1983 2029 afore
2014 1965 2277 2043 chartiS,

541 2085 739 2163 atque
768 2076 984 2140 animo
1015 2077 1216 2161 prius,
1248 2083 1325 2141 ut
1353 2075 1569 2162 siquid
1599 2077 1979 2162 promittere
2010 2078 2093 2142 de
2122 2100 2228 2142 me

544 2213 809 2277 possum
837 2189 1013 2252 aliud
1041 2211 1220 2267 vere,
1251 2189 1584 2274 promitto,
1684 2189 1953 2254 liberius
1982 2191 2038 2254 si

542 2303 768 2366 dixero
799 2302 978 2388 quid,
1011 2301 1067 2365 si
1095 2301 1262 2366 forte
1292 2300 1594 2382 iocosius,
1625 2302 1750 2366 hoc
1778 2302 1940 2366 mihi
1967 2302 2127 2367 iuris

544 2437 694 2478 cum
720 2414 914 2479 venia
941 2413 1164 2479 dabis:
1209 2414 1498 2479 insuevit
1526 2422 1714 2500 pater
1743 2415 2028 2501 optimus
2056 2416 2179 2479 hoc
2208 2437 2337 2494 me,
2652 2443 2747 2490 ιος

543 2534 625 2591 ut
643 2527 939 2612 fugerem
969 2526 1284 2611 exemplis
1313 2527 1623 2592 vitiorum
1655 2550 1947 2614 quaeque
1976 2527 2287 2592 notando.

545 2663 694 2704 cum
723 2661 828 2703 me
857 2640 1248 2719 hortaretur,
1283 2661 1474 2724 parce
1503 2640 1847 2726 frugaliter
1873 2649 2071 2726 atque

546 2753 838 2818 viverem
868 2751 966 2815 uti
995 2758 1340 2816 contentus
1370 2774 1449 2816 eo
1480 2753 1655 2838 quod
1682 2754 1775 2817 mi
1802 2753 1944 2838 ipse
1972 2760 2287 2838 parasset,

549 2869 570 2901 ‘
589 2886 806 2929 nonne
835 2863 1021 2930 vides
1023 2913 1043 2944 ,
1074 2864 1232 2928 Albi
1259 2872 1336 2930 ut
1362 2865 1531 2930 male
1561 2865 1746 2930 vivat
1770 2866 1965 2946 filius,
1994 2873 2199 2952 utque

547 2979 756 3042 Barus
783 2977 1022 3062 inops?
1069 2999 1380 3063 magnum
1409 2977 1895 3058 documentum,
1925 3001 2010 3043 ne
2041 2979 2314 3064 patriam
2344 3001 2484 3043 rem
2653 3011 2673 3043 1
2690 3010 2752 3043 ιο

547 3090 819 3177 perdere
851 3090 994 3176 quis
1023 3089 1212 3155 velit'
1236 3116 1251 3154 :
1297 3113 1336 3155 a
1363 3091 1541 3176 turpi
1568 3091 1929 3156 meren-icis
1958 3114 2175 3156 amore

549 3225 697 3268 cum
725 3185 1107 3282 deterreret,
1140 3207 1161 3238 ‘
1185 3203 1446 3269 Scetani
1473 3203 1804 3269 dissimilis
1834 3204 1991 3268 sis':

549 3337 635 3380 ne
665 3337 970 3401 sequerer
996 3317 1320 3396 moechas,
1351 3337 1659 3381 concessa
1685 3339 1835 3380 cum
1862 3315 2123 3382 Venere
2151 3317 2251 3380 uti

549 3450 830 3513 possem,
863 3432 886 3464 ‘
903 3428 1207 3513 deprensi
1235 3450 1370 3493 non
1397 3430 1570 3494 bella
1598 3437 1701 3495 est
1728 3430 1901 3494 fama
1928 3430 2231 3494 Treboni'

549 3541 800 3606 aiebat:
849 3544 870 3576 ‘
889 3541 1168 3626 sapiens,
1198 3542 1414 3606 vitatu
1443 3541 1728 3628 quidque
1758 3544 1972 3628 petitu
2657 3574 2675 3606 ι
2694 3575 2710 3606 ι
2728 3573 2752 3620 5

549 3653 638 3718 sit
665 3653 917 3732 melius,
949 3675 1172 3718 causas
1200 3655 1432 3719 reddet
1460 3654 1605 3719 tibi.
1706 3655 1799 3718 mi
1828 3655 1987 3720 satis
2016 3661 2139 3734 est,
2171 3655 2229 3719 si

549 3765 864 3830 traditum
893 3766 976 3828 ab
1006 3764 1290 3853 antiquis
1319 3788 1569 3832 morem
1598 3789 1857 3832 servare
1887 3775 2220 3853 tuamque,

553 3878 712 3942 dum
739 3878 1026 3942 custodis
1057 3899 1236 3964 eges,
1265 3880 1472 3945 vitam
1498 3880 1865 3967 famamque
1897 3881 2065 3944 tueri

549 3991 939 4055 incolumem
968 4013 1266 4076 possum:
1312 3992 1504 4058 simul
1533 4014 1609 4056 ac
1638 3993 1971 4058 duraverit
1998 3999 2179 4057 aetas
