3109 4817
496 184 621 248 286
1373 174 1840 238 HORATII

1539 1909 1689 1971 IIII

730 2125 919 2190 NDE
951 2133 1020 2189 ot
1051 2147 1178 2211 quo
1215 2123 1436 2188 Catius
1461 2126 1487 2187 ἲ
1538 2129 1558 2157 ‘
1577 2146 1709 2188 non
1741 2132 1844 2188 est
1871 2125 2032 2188 mihi
2061 2131 2321 2210 tempus
2351 2127 2577 2190 aventi

782 2260 1023 2324 ponere
1056 2237 1247 2322 signa
1274 2236 1465 2301 novis
1495 2237 1886 2321 praecepti8‚
1924 2238 2137 2322 qualia
2166 2239 2440 2303 vincent

502 2351 925 2436 Pythagoran
955 2350 1296 2435 Anytique
1327 2372 1511 2413 reum
1542 2349 1941 2435 doctumque
1974 2350 2303 2416 Platona’.

504 2470 845 2547 peccatum
880 2462 1110 2541 fateor,
1147 2485 1296 2525 cum
1328 2468 1395 2525 te
1428 2462 1520 2526 sic
1551 2469 1848 2547 tempore
1878 2463 2064 2526 laevo

499 2575 991 2659 interpellarim.
1095 2575 1213 2638 sed
1242 2575 1360 2637 des
1390 2575 1651 2637 veniam
1681 2575 1915 2653 bonne,
1948 2597 2082 2640 oro,

505 2689 739 2774 quodsi
768 2688 1177 2753 interciderit
1207 2689 1329 2752 tibi
1359 2710 1533 2753 nunc
1564 2689 1830 2774 aliquid,
1862 2697 2121 2774 repetes
2152 2713 2327 2768 mox,

503 2804 644 2866 sive
681 2810 784 2866 est
812 2809 1083 2865 naturae
1113 2802 1237 2865 hoe
1269 2801 1409 2866 sive
1441 2802 1622 2879 artie,
1653 2802 1856 2865 mirus
1887 2810 2186 2888 utroque.

503 2921 524 2949 ‘
543 2915 700 3001 quin
729 2915 800 2979 id
831 2921 971 2978 erat
1001 2936 1214 2992 curae,
1249 2937 1377 2999 quo
1407 2922 1600 2999 pacto
1631 2921 1865 2978 cuncta.
1894 2921 2210 2995 tenerem,

505 3033 736 3112 utpote
767 3050 871 3091 res
904 3035 1159 3106 tenues,
1192 3026 1376 3090 tenui
1407 3048 1707 3090 sermone
1738 3029 2077 3112 peractas'.

504 3142 626 3205 ode
655 3140 937 3205 hominis
965 3163 1228 3218 nomen,
1261 3140 1451 3203 simul
1485 3147 1573 3218 et,
1604 3140 1937 3205 Romanus
1967 3164 2051 3205 an
2081 3143 2341 3227 hospes,

505 3261 526 3289 ‘
549 3255 694 3340 ipsa,
721 3275 972 3317 memor
1000 3259 1350 3337 praecepta
1379 3274 1629 3331 canam,
1662 3254 1980 3318 celabitur
2008 3261 2252 3320 auctor.

505 3369 704 3452 longa
736 3366 973 3453 quibus
1005 3366 1201 3429 facies
1234 3365 1375 3429 ovis
1407 3364 1554 3443 erit,
1586 3365 1700 3428 illa
1727 3374 2080 3445 mementO,

506 3487 581 3544 ut
612 3479 750 3544 suci
779 3480 1067 3543 melioris
1099 3486 1167 3543 et
1196 3485 1271 3542 ut
1299 3478 1510 3563 magis
1541 3479 1691 3542 alba.
1717 3481 2040 3558 rotundiS,

507 3615 787 3678 ponere:
835 3614 1119 3676 namque
1150 3614 1395 3655 marem
1428 3592 1740 3656 cohibent
1770 3595 2004 3658 callosa
2033 3594 2349 3658 vitellum.

506 3706 688 3770 caule
720 3706 1093 3769 suburbano
1128 3705 1235 3788 qui
1270 3705 1455 3769 siccis
1487 3706 1697 3769 crevit
1724 3707 1791 3768 in
1824 3708 2000 3792 agris

507 3819 790 3882 dulcior:
844 3818 1090 3901 irriguo
1119 3817 1284 3881 nihil
1315 3827 1417 3881 est
1447 3818 1683 3882 elutius
1712 3820 1924 3884 horto,

506 3932 561 3996 si
593 3930 1004 4015 vespertinus
1035 3930 1252 3993 subito
1284 3937 1350 3993 te
1382 3933 1779 4015 oppresserit
1808 3934 2067 4018 hospeS,

2661 3175 2728 3209 10

2666 3745 2729 3794 ¹5
