3109 4817
1116 271 1244 334 DE
1317 272 1591 335 ARTE
1674 272 2125 338 POETICA
2581 272 2705 338 373

486 445 734 508 format
763 446 936 509 enim
965 454 1198 511 natura
1227 448 1406 532 prius
1435 470 1555 511 nos
1588 449 1765 512 intus
1795 449 1877 511 ad
1908 471 2168 513 omnem

487 558 892 623 fortunarum
921 561 1259 637 habitum3
1303 560 1490 625 iuvat
1517 569 1633 625 aut
1660 561 1940 646 impellit
1968 562 2053 625 ad
2081 563 2266 640 iram,

488 679 606 735 aut
634 672 718 735 ad
748 673 1020 736 humum
1048 695 1340 737 maerore
1369 675 1561 759 gravi
1590 674 1857 738 deducit
1886 682 1955 739 et
1984 676 2209 759 angit:
2602 706 2619 737 ι
2640 704 2698 738 ιο

491 792 642 869 post
672 786 862 849 effert
889 786 1090 849 animi
1119 792 1336 849 motus
1363 786 1723 870 interprete
1754 788 1999 871 lingua.

489 896 546 960 si
574 896 853 961 dicentis
885 906 1079 962 erunt
1106 898 1384 962 fortunis
1414 899 1661 963 absona
1689 898 1885 978 dicta,

491 1008 766 1072 Romani
797 1010 1032 1073 tollent
1062 1010 1316 1096 equites
1347 1011 1733 1096 peditesque
1763 1010 2169 1074 cachinnum.

485 1121 785 1186 intererit
813 1124 1092 1186 multum
1121 1123 1394 1187 divosne
1424 1125 1728 1209 loquatur
1756 1146 1838 1186 an
1869 1124 2059 1187 heros
2064 1172 2082 1201 ,

490 1241 869 1299 maturusne
900 1258 1101 1300 senex
1131 1258 1214 1299 an
1244 1237 1456 1300 adhuc
1487 1237 1761 1300 florente
1789 1235 2059 1300 iuventa
2598 1268 2615 1300 ι
2632 1268 2651 1301 ι
2666 1268 2691 1314 5

485 1348 796 1426 fervidus,
827 1356 897 1412 et
923 1356 1221 1412 matrona
1255 1358 1488 1434 potens
1517 1372 1603 1413 an
1632 1350 1856 1413 sedula
1882 1350 2129 1427 nutrix,

487 1468 890 1525 mercatorne
919 1484 1128 1547 vagus
1159 1463 1452 1526 cultorne
1482 1462 1755 1525 virentis
1787 1462 2005 1547 agelli,

489 1574 767 1639 Colchus
796 1597 878 1638 an
910 1575 1244 1659 Assyrius,
1277 1572 1519 1640 Thebis
1548 1576 1837 1639 nutritus
1866 1598 1951 1638 an
1980 1576 2205 1659 Arg-ie.

490 1693 606 1751 aut
633 1688 871 1751 famam
902 1709 1174 1773 sequere
1203 1694 1320 1752 aut
1349 1689 1474 1754 sibi
1504 1688 1960 1753 convenientia
1987 1688 2186 1773 finge.

488 1800 766 1886 scriptor
798 1801 1202 1867 Homereum
1231 1802 1288 1865 si
1317 1803 1484 1867 forte
1514 1801 1777 1886 reponis
1806 1800 2152 1877 Achillem,
2594 1832 2611 1865 ι
2627 1832 2689 1864 20

489 1914 794 1999 impiger,
823 1914 1194 1993 iracundus,
1224 1914 1667 1993 inexorabilia,
1699 1934 1847 1977 acer

484 2026 626 2091 iura
652 2034 856 2113 neget
884 2026 1010 2091 sibi
1037 2034 1213 2105 nata,
1244 2028 1407 2091 nihil
1437 2049 1570 2091 non
1601 2032 1865 2111 arroget
1894 2025 2109 2089 armis.

486 2140 573 2205 sit
599 2140 840 2205 Medea
867 2141 1050 2204 ferox
1079 2140 1477 2226 invictaque,
1510 2138 1745 2203 flebilis
1775 2138 1921 2216 In0,

486 2254 769 2338 perfidus
799 2254 1015 2331 Ixion,
1047 2254 1125 2317 Io
1160 2275 1353 2339 vaga,
1386 2252 1594 2317 tristis
1627 2251 1915 2315 Orestes.

485 2367 697 2451 siquid
725 2367 1142 2451 inexpertum
1165 2386 1434 2429 scaenae
1465 2362 1819 2428 committis
1851 2370 1919 2426 et
1946 2362 2146 2426 audes
2590 2392 2605 2423 ι
2621 2393 2683 2439 25

487 2500 829 2563 personam
859 2478 1136 2542 formare
1165 2500 1428 2556 novam,
1465 2484 1765 2541 servetur
1795 2476 1877 2539 ad
1906 2476 2108 2538 imum

492 2592 698 2677 qualis
727 2591 810 2654 ab
839 2591 1105 2675 incepto
1135 2591 1550 2676 processerit,
1584 2598 1653 2654 et
1682 2589 1806 2653 sibi
1837 2596 2113 2652 constet.

485 2704 745 2769 difficile
775 2710 879 2769 est
907 2704 1168 2789 proprie
1205 2704 1573 2767 communia
1600 2703 1858 2778 dicere;
1905 2708 2110 2787 tuque

482 2818 723 2882 rectius
753 2817 1026 2881 Iliacum
1056 2838 1315 2881 carmen
1347 2816 1617 2881 deducis
1646 2816 1715 2878 in
1746 2821 1954 2892 actae,

484 2952 677 3016 quam
707 2930 763 2993 si
793 2929 1115 3014 proferres
1145 2929 1375 3015 ignota
1403 2930 1779 3014 indictaque
1808 2926 2077 3011 primuS.
2590 2956 2609 2989 1
2624 2956 2686 3003 3⁰

484 3043 743 3128 publica
769 3042 1074 3107 materies
1104 3042 1344 3126 privati
1373 3042 1532 3107 iuris
1564 3042 1711 3119 erit,
1746 3041 1802 3105 si

483 3178 614 3220 non
644 3156 814 3220 circa
841 3154 1038 3219 vilem
1067 3154 1492 3239 patulumque
1523 3151 1881 3216 moraberis
1914 3150 2159 3225 orbem,

482 3290 605 3333 nec
633 3268 906 3332 verbum
935 3267 1138 3331 verbo
1168 3266 1424 3329 curabis
1456 3265 1729 3329 reddere
1758 3263 1927 3325 fidus

481 3382 827 3465 interpres,
857 3400 979 3443 nec
1009 3378 1268 3442 desilies
1301 3378 1594 3441 imitator
1621 3376 1691 3438 in
1722 3382 1959 3450 artum,

481 3493 657 3557 unde
687 3493 921 3578 pedem
950 3491 1236 3576 proferre
1268 3489 1478 3574 pudor
1505 3494 1689 3553 vetet
1718 3494 1833 3550 aut
1863 3483 2076 3569 operis
2106 3484 2235 3547 lex.
2588 3513 2605 3545 ι
2622 3512 2643 3557 3
2654 3513 2679 3560 5

482 3628 604 3669 nec
633 3606 726 3670 sic
753 3604 1049 3690 incipies,
1082 3610 1158 3667 ut
1186 3603 1464 3687 scriptor
1493 3600 1775 3686 cyclicus
1807 3597 1983 3675 olim,

487 3724 506 3752 ‘
529 3718 854 3782 fortunam
883 3708 1432 3780 Priami'cantabo
1463 3720 1532 3779 et
1559 3713 1779 3777 nobile
1808 3710 2051 3775 bellum
2067 3712 2108 3777 ’.

487 3830 644 3915 quid
671 3830 948 3916 dignum
979 3835 1165 3895 tanto
1203 3829 1370 3891 feret
1402 3827 1506 3890 hic
1536 3826 1893 3911 promissor
1926 3824 2109 3887 hiatu
2138 3824 2164 3886 ἲ
2226 3878 2230 3883 .

485 3943 856 4025 parturiunt
889 3950 1165 4019 montes,
1200 3947 1504 4004 nascetur
1533 3938 1843 4003 ridiculus
1879 3959 2044 4000 muS.

492 4063 734 4138 quanto
765 4055 1004 4119 rectius
1037 4056 1142 4120 hic
1177 4054 1286 4137 qui
1315 4054 1408 4117 nil
1439 4052 1700 4115 molitur
1737 4050 1982 4135 inepte,
2302 4102 2309 4109 .
2592 4074 2687 4121 140
