3109 4817
482 233 609 296 358
1344 230 1818 296 HORATII

484 429 750 474 securus
777 407 969 472 cadat
996 429 1081 470 an
1110 415 1289 472 recto
1320 413 1454 472 stet
1481 406 1701 472 fabula
1730 407 1884 470 talc.

488 543 684 607 quem
712 521 865 585 tulit
891 520 977 584 ad
1006 541 1303 585 scaenam
1332 527 1609 586 ventoso
1639 521 1848 608 gloria
1875 543 2089 601 curru,

426 689 435 698 .
488 634 819 699 exanimat
843 635 1063 698 lentus
1090 639 1442 718 spectator,
1474 633 1740 698 sedulus
1765 634 1990 698 inflat:

490 747 586 812 sic
616 743 785 825 leve,
817 746 911 810 sic
938 769 1215 831 parvum
1246 753 1370 825 est,
1406 746 1698 810 animum
1736 748 1912 832 quod
1941 747 2153 812 laudis
2183 769 2453 811 avarum

495 859 754 925 subruit
782 865 897 923 aut
922 859 1153 924 reficit.
1256 860 1474 923 valeat
1503 881 1612 924 res
1641 859 1909 940 ludicra,
1940 860 1999 926 si
2025 883 2132 926 me

491 973 707 1059 palma
733 978 975 1058 negata
1001 993 1314 1051 macrum,
1345 972 1588 1037 donata
1615 973 1871 1037 reducit
1901 974 2212 1058 opimum.

490 1106 683 1170 saepe
714 1086 909 1149 etiam
936 1085 1249 1148 audacem
1278 1085 1466 1170 fugat
1492 1085 1618 1148 hoc
1647 1091 1979 1171 terretque
2009 1093 2291 1172 poetam,

494 1200 667 1286 quod
696 1221 965 1264 numero
994 1200 1235 1285 plureS,
1267 1199 1512 1264 virtute
1544 1206 1613 1263 et
1641 1200 1887 1264 honore
1915 1200 2198 1264 minores
2202 1249 2221 1279 ,

489 1312 738 1377 indocti
766 1310 1115 1401 stolidique
1146 1319 1216 1376 et
1248 1311 1630 1397 depugnare
1660 1313 1871 1396 parati

490 1426 547 1490 si
574 1425 903 1490 discordet
932 1446 1152 1511 eques,
1184 1425 1401 1488 media
1425 1424 1603 1488 inter
1631 1425 1918 1488 carmina
1945 1432 2226 1510 poscunt

490 1544 610 1602 aut
636 1559 862 1601 ursum
890 1543 1007 1600 aut
1035 1536 1331 1622 pugiles:
1377 1537 1481 1600 his
1508 1559 1665 1601 nam
1695 1537 2033 1622 plebecula
2060 1538 2330 1624 gaudet.

490 1675 723 1717 verum
754 1647 991 1739 equitis
1022 1674 1281 1739 quoque
1309 1651 1439 1716 iam
1470 1653 1784 1738 migravit
1810 1653 1893 1718 ab
1923 1675 2079 1718 aure
2107 1655 2412 1738 voluptas

492 1768 705 1830 omnis
734 1766 817 1829 ad
846 1765 1133 1829 incertos
1164 1765 1381 1829 oculos
1412 1771 1483 1830 et
1510 1765 1752 1854 gaudia
1778 1788 1968 1831 vana.
2155 1740 2162 1750 ’

496 1885 808 1964 quattuor
835 1885 953 1942 aut
984 1877 1191 1962 pluris
1220 1878 1445 1942 aulaea
1474 1885 1864 1962 premuntur
1890 1880 1958 1942 in
1988 1879 2205 1957 horas,

491 1993 649 2056 dum
679 1991 946 2078 fugiunt
976 1989 1271 2077 equitum
1303 1997 1555 2054 turmae
1586 1990 2018 2076 peditumque
2047 1998 2383 2067 catervae3

490 2127 645 2170 mox
673 2103 953 2170 trahitur
980 2102 1285 2167 manibus
1313 2124 1548 2189 regum
1578 2103 1842 2167 fortuna
1869 2104 2157 2182 retortis,

495 2218 722 2284 esseda
751 2218 1083 2296 festinant,
1116 2217 1385 2302 pilenta,
1416 2217 1755 2302 petorrita,
1787 2239 1989 2283 naves
1993 2266 2012 2296 ,

488 2331 823 2417 captivum
852 2335 1154 2415 portatur
1182 2331 1367 2408 ebur,
1398 2329 1660 2414 captiva
1693 2329 2065 2394 Corinthus.

491 2445 547 2508 si
578 2444 747 2507 soret
772 2443 841 2505 in
874 2443 1085 2520 terris,
1116 2441 1364 2506 rideret
1393 2441 1833 2521 Democritus,
1865 2464 1982 2506 seu

492 2556 827 2621 diversum
856 2555 1123 2618 confusa
1150 2576 1362 2639 genus
1391 2555 1712 2638 panthera
1739 2555 1987 2618 camelo

494 2668 635 2733 sive
665 2667 927 2752 elephas
956 2667 1141 2730 albus
1170 2665 1358 2750 vulgi
1387 2672 1803 2730 converteret
1830 2687 1980 2742 ora3

496 2786 822 2864 spectaret
850 2778 1170 2863 populum
1199 2777 1373 2842 ludis
1402 2778 1719 2842 attentius
1747 2778 1909 2863 ipsis

496 2899 574 2956 ut
603 2891 728 2955 sibi
758 2891 1179 2976 praebentem
1208 2890 1412 2954 nimio
1444 2893 1815 2976 spectacula
1845 2892 2034 2975 plura
2057 2917 2076 2968 ;

498 3005 845 3089 scriptores
874 3010 1095 3068 autem
1123 3025 1385 3067 narrare
1415 3010 1681 3088 putaret
1708 3004 1907 3068 asello

498 3118 797 3181 fabellam
828 3116 1046 3181 surde.
1148 3139 1299 3180 nam
1332 3137 1496 3200 quae
1525 3116 1906 3200 pervincere
1935 3137 2132 3180 voces

500 3231 798 3297 evaluere
828 3251 1087 3308 sonum,
1118 3231 1410 3294 referunt
1440 3250 1635 3313 quem
1666 3235 1892 3293 nostra
1920 3229 2223 3292 theatra?

501 3345 876 3430 Garganum
906 3343 1165 3428 mugire
1191 3349 1383 3427 putes
1412 3362 1648 3406 nemus
1677 3348 1793 3405 aut
1821 3363 1998 3406 mare
2029 3342 2336 3419 Tuscum,

498 3464 683 3522 tanto
713 3479 863 3519 cum
893 3454 1173 3540 strepitu
1205 3454 1345 3517 ludi
1374 3460 1759 3539 spectantur
1789 3460 1857 3518 et
1885 3461 2082 3532 artes,

498 3569 899 3653 divitiaeque
928 3567 1332 3652 peregrinae,
1365 3566 1608 3651 quibus
1639 3566 1882 3630 oblitus
1910 3573 2092 3631 actor

498 3703 649 3745 cum
678 3681 865 3744 stetit
890 3679 961 3742 in
992 3699 1243 3756 scaena,
1274 3678 1605 3742 concurrit
1633 3679 1905 3743 dextera
1933 3679 2177 3743 laevae.

499 3794 670 3858 dixit
702 3793 916 3856 adhuc
944 3790 1247 3876 aliquid?
1293 3791 1388 3854 nil
1418 3813 1596 3856 sane.
1700 3793 1858 3876 quid
1887 3793 2102 3876 placet
2131 3814 2290 3877 ergo
2319 3795 2346 3856 Ρ

500 3909 648 3972 lana
677 3904 1027 3968 Tarentino
1056 3902 1262 3968 violas
1290 3902 1547 3982 imitata
1575 3925 1853 3968 venene.

500 4041 577 4082 ac
604 4039 689 4080 ne
719 4015 887 4080 forte
917 4022 1107 4101 putes
1137 4037 1266 4095 me,
1298 4037 1463 4101 quae
1493 4015 1705 4080 facere
1735 4017 1877 4102 ipse
1914 4039 2232 4095 recusem,

2603 877 2702 924 180

2602 1441 2699 1502 185

2607 2019 2706 2070 ¹90

2607 2587 2704 2634 ¹95

2607 3146 2710 3182 200

2607 3710 2707 3758 205
