<?xml version="1.0" encoding="UTF-8"?>
<!DOCTYPE html PUBLIC "-//W3C//DTD XHTML 1.0 Transitional//EN"
    "http://www.w3.org/TR/xhtml1/DTD/xhtml1-transitional.dtd">
<html xmlns="http://www.w3.org/1999/xhtml" xml:lang="en" lang="en">
 <head>
  <title>
</title>
<meta http-equiv="Content-Type" content="text/html;charset=utf-8" />
  <meta name='ocr-system' content='tesseract 3.04.00' />
  <meta name='ocr-capabilities' content='ocr_page ocr_carea ocr_par ocr_line ocrx_word'/>
</head>
<body>
  <div class='ocr_page' id='page_1' title='image "./qhoratiiflaccio04unkngoog_0338.png"; bbox 0 0 3109 4817; ppageno 0'>
   <div class='ocr_carea' id='block_1_1' title="bbox 612 207 1926 272">
    <p class='ocr_par' dir='ltr' id='par_1_1' title="bbox 612 207 1926 272">
     <span class='ocr_line' id='line_1_1' title="bbox 612 207 1926 272; baseline 0.002 -4"><span class='ocrx_word' id='word_1_1' title='bbox 612 208 738 271; x_wconf 82' lang='lat'><strong>294</strong></span> <span class='ocrx_word' id='word_1_2' title='bbox 1466 207 1926 272; x_wconf 79' lang='lat' dir='ltr'><strong>HORATII</strong></span> 
     </span>
    </p>
   </div>
   <div class='ocr_carea' id='block_1_2' title="bbox 1199 654 2206 1555">
    <p class='ocr_par' dir='ltr' id='par_1_2' title="bbox 1199 654 2206 1555">
     <span class='ocr_line' id='line_1_2' title="bbox 1199 654 2206 1555; baseline 0 0"><span class='ocrx_word' id='word_1_3' title='bbox 1199 654 2206 1555; x_wconf 95' lang='lat' dir='ltr'><strong> </strong></span> 
     </span>
    </p>
   </div>
   <div class='ocr_carea' id='block_1_3' title="bbox 1637 1799 1737 1862">
    <p class='ocr_par' dir='ltr' id='par_1_3' title="bbox 1637 1799 1737 1862">
     <span class='ocr_line' id='line_1_3' title="bbox 1637 1799 1737 1862; baseline -0.01 0"><span class='ocrx_word' id='word_1_4' title='bbox 1637 1799 1737 1862; x_wconf 91' lang='lat' dir='ltr'><strong>VI</strong></span> 
     </span>
    </p>
   </div>
   <div class='ocr_carea' id='block_1_4' title="bbox 619 1989 2524 2196">
    <p class='ocr_par' dir='ltr' id='par_1_4' title="bbox 619 1989 2524 2196">
     <span class='ocr_line' id='line_1_4' title="bbox 619 1989 2524 2187; baseline 0 -124"><span class='ocrx_word' id='word_1_5' title='bbox 619 1989 821 2187; x_wconf 88' lang='lat' dir='ltr'><em>H</em></span> <span class='ocrx_word' id='word_1_6' title='bbox 849 1999 964 2064; x_wconf 84' lang='lat' dir='ltr'><strong>OC</strong></span> <span class='ocrx_word' id='word_1_7' title='bbox 995 2008 1134 2063; x_wconf 86' lang='lat' dir='ltr'><strong>erat</strong></span> <span class='ocrx_word' id='word_1_8' title='bbox 1159 2001 1228 2062; x_wconf 92' lang='lat' dir='ltr'><strong>in</strong></span> <span class='ocrx_word' id='word_1_9' title='bbox 1258 2001 1462 2063; x_wconf 82' lang='lat' dir='ltr'><strong>votis:</strong></span> <span class='ocrx_word' id='word_1_10' title='bbox 1509 1999 1742 2062; x_wconf 87' lang='lat' dir='ltr'><strong>modus</strong></span> <span class='ocrx_word' id='word_1_11' title='bbox 1771 1999 1914 2083; x_wconf 87' lang='lat' dir='ltr'><strong>agri</strong></span> <span class='ocrx_word' id='word_1_12' title='bbox 1942 2020 2074 2062; x_wconf 93' lang='lat' dir='ltr'><strong>non</strong></span> <span class='ocrx_word' id='word_1_13' title='bbox 2104 1999 2198 2063; x_wconf 89' lang='lat' dir='ltr'><strong>ita</strong></span> <span class='ocrx_word' id='word_1_14' title='bbox 2225 2022 2524 2084; x_wconf 71' lang='lat' dir='ltr'><strong>magnus„</strong></span> 
     </span>
     <span class='ocr_line' id='line_1_5' title="bbox 890 2111 2448 2196; baseline -0.001 -21"><span class='ocrx_word' id='word_1_15' title='bbox 890 2113 1115 2175; x_wconf 91' lang='lat' dir='ltr'><strong>hortus</strong></span> <span class='ocrx_word' id='word_1_16' title='bbox 1144 2112 1256 2175; x_wconf 92' lang='lat' dir='ltr'><strong>ubi</strong></span> <span class='ocrx_word' id='word_1_17' title='bbox 1287 2119 1355 2175; x_wconf 91' lang='lat' dir='ltr'><strong>et</strong></span> <span class='ocrx_word' id='word_1_18' title='bbox 1385 2119 1559 2174; x_wconf 85' lang='lat' dir='ltr'><strong>tecto</strong></span> <span class='ocrx_word' id='word_1_19' title='bbox 1589 2111 1839 2175; x_wconf 87' lang='lat' dir='ltr'><strong>vicinus</strong></span> <span class='ocrx_word' id='word_1_20' title='bbox 1868 2111 2040 2195; x_wconf 85' lang='lat' dir='ltr'><strong>iugis</strong></span> <span class='ocrx_word' id='word_1_21' title='bbox 2071 2134 2274 2196; x_wconf 89' lang='lat' dir='ltr'><strong>aquae</strong></span> <span class='ocrx_word' id='word_1_22' title='bbox 2305 2111 2448 2174; x_wconf 86' lang='lat' dir='ltr'><strong>fons</strong></span> 
     </span>
    </p>
   </div>
   <div class='ocr_carea' id='block_1_5' title="bbox 577 2222 2784 4104">
    <p class='ocr_par' dir='ltr' id='par_1_5' title="bbox 593 2222 2326 2309">
     <span class='ocr_line' id='line_1_6' title="bbox 593 2222 2326 2309; baseline -0.001 -23"><span class='ocrx_word' id='word_1_23' title='bbox 593 2231 660 2287; x_wconf 92' lang='lat' dir='ltr'><strong>et</strong></span> <span class='ocrx_word' id='word_1_24' title='bbox 689 2225 950 2309; x_wconf 91' lang='lat' dir='ltr'><strong>paulum</strong></span> <span class='ocrx_word' id='word_1_25' title='bbox 980 2225 1178 2287; x_wconf 81' lang='lat' dir='ltr'><strong>silvae</strong></span> <span class='ocrx_word' id='word_1_26' title='bbox 1209 2246 1403 2308; x_wconf 87' lang='lat' dir='ltr'><strong>super</strong></span> <span class='ocrx_word' id='word_1_27' title='bbox 1431 2224 1531 2286; x_wconf 89' lang='lat' dir='ltr'><strong>his</strong></span> <span class='ocrx_word' id='word_1_28' title='bbox 1562 2224 1748 2286; x_wconf 88' lang='lat' dir='ltr'><strong>foret.</strong></span> <span class='ocrx_word' id='word_1_29' title='bbox 1851 2222 2100 2286; x_wconf 87' lang='lat' dir='ltr'><strong>auctius</strong></span> <span class='ocrx_word' id='word_1_30' title='bbox 2130 2231 2326 2307; x_wconf 87' lang='lat' dir='ltr'><strong>atque</strong></span> 
     </span>
    </p>

    <p class='ocr_par' dir='ltr' id='par_1_6' title="bbox 593 2334 2270 2419">
     <span class='ocr_line' id='line_1_7' title="bbox 593 2334 2270 2419; baseline 0 -22"><span class='ocrx_word' id='word_1_31' title='bbox 593 2336 661 2398; x_wconf 91' lang='lat' dir='ltr'><strong>di</strong></span> <span class='ocrx_word' id='word_1_32' title='bbox 690 2337 919 2400; x_wconf 88' lang='lat' dir='ltr'><strong>melius</strong></span> <span class='ocrx_word' id='word_1_33' title='bbox 950 2337 1179 2399; x_wconf 89' lang='lat' dir='ltr'><strong>fecere.</strong></span> <span class='ocrx_word' id='word_1_34' title='bbox 1283 2337 1451 2399; x_wconf 89' lang='lat' dir='ltr'><strong>bene</strong></span> <span class='ocrx_word' id='word_1_35' title='bbox 1483 2342 1605 2399; x_wconf 90' lang='lat' dir='ltr'><strong>est.</strong></span> <span class='ocrx_word' id='word_1_36' title='bbox 1708 2334 1800 2397; x_wconf 85' lang='lat' dir='ltr'><strong>nil</strong></span> <span class='ocrx_word' id='word_1_37' title='bbox 1829 2336 2104 2419; x_wconf 84' lang='lat' dir='ltr'><strong>amplius</strong></span> <span class='ocrx_word' id='word_1_38' title='bbox 2136 2357 2270 2412; x_wconf 84' lang='lat' dir='ltr'><strong>Orc,</strong></span> 
     </span>
    </p>

    <p class='ocr_par' dir='ltr' id='par_1_7' title="bbox 591 2446 2784 2645">
     <span class='ocr_line' id='line_1_8' title="bbox 592 2446 2784 2532; baseline 0.001 -23"><span class='ocrx_word' id='word_1_39' title='bbox 592 2448 769 2511; x_wconf 89' lang='lat' dir='ltr'><strong>Maia</strong></span> <span class='ocrx_word' id='word_1_40' title='bbox 796 2456 970 2526; x_wconf 89' lang='lat' dir='ltr'><strong>nate,</strong></span> <span class='ocrx_word' id='word_1_41' title='bbox 1002 2449 1127 2511; x_wconf 85' lang='lat' dir='ltr'><strong>nisi</strong></span> <span class='ocrx_word' id='word_1_42' title='bbox 1155 2455 1231 2510; x_wconf 88' lang='lat' dir='ltr'><strong>ut</strong></span> <span class='ocrx_word' id='word_1_43' title='bbox 1258 2449 1520 2532; x_wconf 83' lang='lat' dir='ltr'><strong>propria</strong></span> <span class='ocrx_word' id='word_1_44' title='bbox 1547 2447 1707 2510; x_wconf 87' lang='lat' dir='ltr'><strong>haec</strong></span> <span class='ocrx_word' id='word_1_45' title='bbox 1737 2446 1896 2509; x_wconf 88' lang='lat' dir='ltr'><strong>mihi</strong></span> <span class='ocrx_word' id='word_1_46' title='bbox 1927 2470 2196 2511; x_wconf 86' lang='lat' dir='ltr'><strong>munera</strong></span> <span class='ocrx_word' id='word_1_47' title='bbox 2225 2448 2409 2511; x_wconf 81' lang='lat' dir='ltr'><strong>faxis,</strong></span> <span class='ocrx_word' id='word_1_48' title='bbox 2757 2479 2784 2525; x_wconf 79' lang='grc' dir='ltr'><em>ς</em></span> 
     </span>
     <span class='ocr_line' id='line_1_9' title="bbox 591 2560 2041 2645; baseline 0 -23"><span class='ocrx_word' id='word_1_49' title='bbox 591 2560 645 2622; x_wconf 88' lang='lat' dir='ltr'><strong>si</strong></span> <span class='ocrx_word' id='word_1_50' title='bbox 673 2582 885 2645; x_wconf 89' lang='lat' dir='ltr'><strong>neque</strong></span> <span class='ocrx_word' id='word_1_51' title='bbox 916 2560 1222 2623; x_wconf 89' lang='lat' dir='ltr'><strong>maiorem</strong></span> <span class='ocrx_word' id='word_1_52' title='bbox 1253 2561 1375 2623; x_wconf 88' lang='lat' dir='ltr'><strong>feci</strong></span> <span class='ocrx_word' id='word_1_53' title='bbox 1405 2560 1655 2623; x_wconf 86' lang='lat' dir='ltr'><strong>ratione</strong></span> <span class='ocrx_word' id='word_1_54' title='bbox 1683 2560 1853 2622; x_wconf 86' lang='lat' dir='ltr'><strong>mala</strong></span> <span class='ocrx_word' id='word_1_55' title='bbox 1880 2582 2041 2639; x_wconf 86' lang='lat' dir='ltr'><strong>rem,</strong></span> 
     </span>
    </p>

    <p class='ocr_par' dir='ltr' id='par_1_8' title="bbox 589 2672 2058 2756">
     <span class='ocr_line' id='line_1_10' title="bbox 589 2672 2058 2756; baseline -0.001 -21"><span class='ocrx_word' id='word_1_56' title='bbox 589 2694 709 2735; x_wconf 90' lang='lat' dir='ltr'><strong>nec</strong></span> <span class='ocrx_word' id='word_1_57' title='bbox 740 2695 883 2735; x_wconf 88' lang='lat' dir='ltr'><strong>sum</strong></span> <span class='ocrx_word' id='word_1_58' title='bbox 913 2673 1198 2735; x_wconf 86' lang='lat' dir='ltr'><strong>facturus</strong></span> <span class='ocrx_word' id='word_1_59' title='bbox 1228 2672 1389 2735; x_wconf 87' lang='lat' dir='ltr'><strong>vitio</strong></span> <span class='ocrx_word' id='word_1_60' title='bbox 1420 2673 1691 2756; x_wconf 81' lang='lat' dir='ltr'><strong>culpave</strong></span> <span class='ocrx_word' id='word_1_61' title='bbox 1720 2672 2058 2751; x_wconf 85' lang='lat' dir='ltr'><strong>minorem,</strong></span> 
     </span>
    </p>

    <p class='ocr_par' dir='ltr' id='par_1_9' title="bbox 590 2783 2336 2869">
     <span class='ocr_line' id='line_1_11' title="bbox 590 2783 2336 2869; baseline 0 -21"><span class='ocrx_word' id='word_1_62' title='bbox 590 2785 644 2848; x_wconf 90' lang='lat' dir='ltr'><strong>si</strong></span> <span class='ocrx_word' id='word_1_63' title='bbox 675 2806 949 2848; x_wconf 87' lang='lat' dir='ltr'><strong>veneror</strong></span> <span class='ocrx_word' id='word_1_64' title='bbox 978 2785 1214 2848; x_wconf 86' lang='lat' dir='ltr'><strong>stultus</strong></span> <span class='ocrx_word' id='word_1_65' title='bbox 1244 2783 1407 2846; x_wconf 89' lang='lat' dir='ltr'><strong>nihil</strong></span> <span class='ocrx_word' id='word_1_66' title='bbox 1436 2785 1688 2861; x_wconf 89' lang='lat' dir='ltr'><strong>horum,</strong></span> <span class='ocrx_word' id='word_1_67' title='bbox 1724 2789 1744 2817; x_wconf 85' lang='lat'>‘</span> <span class='ocrx_word' id='word_1_68' title='bbox 1768 2807 1805 2848; x_wconf 94' lang='lat' dir='ltr'><strong>o</strong></span> <span class='ocrx_word' id='word_1_69' title='bbox 1837 2785 1893 2847; x_wconf 86' lang='lat' dir='ltr'><strong>si</strong></span> <span class='ocrx_word' id='word_1_70' title='bbox 1923 2786 2198 2869; x_wconf 80' lang='lat' dir='ltr'><strong>angulus</strong></span> <span class='ocrx_word' id='word_1_71' title='bbox 2228 2785 2336 2848; x_wconf 87' lang='lat' dir='ltr'><strong>ille</strong></span> 
     </span>
    </p>

    <p class='ocr_par' dir='ltr' id='par_1_10' title="bbox 588 2897 2297 2981">
     <span class='ocr_line' id='line_1_12' title="bbox 588 2897 2297 2981; baseline 0.002 -23"><span class='ocrx_word' id='word_1_72' title='bbox 588 2897 918 2981; x_wconf 85' lang='lat' dir='ltr'><strong>proximus</strong></span> <span class='ocrx_word' id='word_1_73' title='bbox 947 2897 1231 2973; x_wconf 76' lang='lat' dir='ltr'><strong>accedat,</strong></span> <span class='ocrx_word' id='word_1_74' title='bbox 1266 2897 1375 2980; x_wconf 85' lang='lat' dir='ltr'><strong>qui</strong></span> <span class='ocrx_word' id='word_1_75' title='bbox 1402 2918 1577 2959; x_wconf 91' lang='lat' dir='ltr'><strong>nunc</strong></span> <span class='ocrx_word' id='word_1_76' title='bbox 1606 2897 1947 2959; x_wconf 80' lang='lat' dir='ltr'><strong>denormat</strong></span> <span class='ocrx_word' id='word_1_77' title='bbox 1976 2898 2259 2981; x_wconf 84' lang='lat' dir='ltr'><strong>agellum</strong></span> <span class='ocrx_word' id='word_1_78' title='bbox 2284 2901 2297 2962; x_wconf 89' lang='lat'>!</span> 
     </span>
    </p>

    <p class='ocr_par' dir='ltr' id='par_1_11' title="bbox 589 3008 2781 3206">
     <span class='ocr_line' id='line_1_13' title="bbox 589 3008 2781 3094; baseline -0 -21"><span class='ocrx_word' id='word_1_79' title='bbox 589 3032 626 3073; x_wconf 94' lang='lat' dir='ltr'><strong>o</strong></span> <span class='ocrx_word' id='word_1_80' title='bbox 657 3011 711 3073; x_wconf 88' lang='lat' dir='ltr'><strong>si</strong></span> <span class='ocrx_word' id='word_1_81' title='bbox 740 3033 968 3073; x_wconf 87' lang='lat' dir='ltr'><strong>urnam</strong></span> <span class='ocrx_word' id='word_1_82' title='bbox 997 3008 1254 3094; x_wconf 85' lang='lat' dir='ltr'><strong>argenti</strong></span> <span class='ocrx_word' id='word_1_83' title='bbox 1283 3010 1414 3072; x_wconf 85' lang='lat' dir='ltr'><strong>fors</strong></span> <span class='ocrx_word' id='word_1_84' title='bbox 1447 3030 1610 3093; x_wconf 88' lang='lat' dir='ltr'><strong>quae</strong></span> <span class='ocrx_word' id='word_1_85' title='bbox 1639 3009 1798 3071; x_wconf 89' lang='lat' dir='ltr'><strong>mihi</strong></span> <span class='ocrx_word' id='word_1_86' title='bbox 1828 3017 2170 3089; x_wconf 73' lang='lat' dir='ltr'><strong>monstret,</strong></span> <span class='ocrx_word' id='word_1_87' title='bbox 2202 3019 2278 3074; x_wconf 88' lang='lat' dir='ltr'><strong>ut</strong></span> <span class='ocrx_word' id='word_1_88' title='bbox 2304 3010 2419 3089; x_wconf 84' lang='lat' dir='ltr'><strong>illi,</strong></span> <span class='ocrx_word' id='word_1_89' title='bbox 2722 3041 2781 3073; x_wconf 86' lang='grc' dir='ltr'><strong>ιο</strong></span> 
     </span>
     <span class='ocr_line' id='line_1_14' title="bbox 589 3121 2099 3206; baseline 0 -21"><span class='ocrx_word' id='word_1_90' title='bbox 589 3123 889 3186; x_wconf 82' lang='lat' dir='ltr'><strong>thesauro</strong></span> <span class='ocrx_word' id='word_1_91' title='bbox 919 3123 1189 3185; x_wconf 87' lang='lat' dir='ltr'><strong>invento</strong></span> <span class='ocrx_word' id='word_1_92' title='bbox 1223 3121 1334 3205; x_wconf 91' lang='lat' dir='ltr'><strong>qui</strong></span> <span class='ocrx_word' id='word_1_93' title='bbox 1362 3121 1839 3184; x_wconf 88' lang='lat' dir='ltr'><strong>mercennarius</strong></span> <span class='ocrx_word' id='word_1_94' title='bbox 1869 3145 2099 3206; x_wconf 88' lang='lat' dir='ltr'><strong>agrum</strong></span> 
     </span>
    </p>

    <p class='ocr_par' dir='ltr' id='par_1_12' title="bbox 585 3233 2068 3320">
     <span class='ocr_line' id='line_1_15' title="bbox 585 3233 2068 3320; baseline -0.001 -22"><span class='ocrx_word' id='word_1_95' title='bbox 585 3235 766 3299; x_wconf 89' lang='lat' dir='ltr'><strong>illum</strong></span> <span class='ocrx_word' id='word_1_96' title='bbox 795 3237 1008 3320; x_wconf 88' lang='lat' dir='ltr'><strong>ipsum</strong></span> <span class='ocrx_word' id='word_1_97' title='bbox 1037 3241 1358 3297; x_wconf 88' lang='lat' dir='ltr'><strong>mercatus</strong></span> <span class='ocrx_word' id='word_1_98' title='bbox 1387 3234 1617 3313; x_wconf 84' lang='lat' dir='ltr'><strong>aravit,</strong></span> <span class='ocrx_word' id='word_1_99' title='bbox 1647 3233 1834 3297; x_wconf 84' lang='lat' dir='ltr'><strong>dives</strong></span> <span class='ocrx_word' id='word_1_100' title='bbox 1864 3234 2068 3297; x_wconf 89' lang='lat' dir='ltr'><strong>amico</strong></span> 
     </span>
    </p>

    <p class='ocr_par' dir='ltr' id='par_1_13' title="bbox 584 3346 2618 3545">
     <span class='ocr_line' id='line_1_16' title="bbox 587 3346 2618 3431; baseline -0 -19"><span class='ocrx_word' id='word_1_101' title='bbox 587 3349 868 3412; x_wconf 86' lang='lat' dir='ltr'><strong>Hercule</strong></span> <span class='ocrx_word' id='word_1_102' title='bbox 892 3350 905 3412; x_wconf 72' lang='grc' dir='ltr'><strong>Ξ</strong></span> <span class='ocrx_word' id='word_1_103' title='bbox 926 3349 944 3378; x_wconf 88' lang='lat'><em>’</em></span> <span class='ocrx_word' id='word_1_104' title='bbox 991 3348 1045 3411; x_wconf 89' lang='lat' dir='ltr'><strong>si</strong></span> <span class='ocrx_word' id='word_1_105' title='bbox 1078 3346 1249 3431; x_wconf 86' lang='lat' dir='ltr'><strong>quod</strong></span> <span class='ocrx_word' id='word_1_106' title='bbox 1279 3346 1466 3408; x_wconf 86' lang='lat' dir='ltr'><strong>adest</strong></span> <span class='ocrx_word' id='word_1_107' title='bbox 1494 3352 1755 3430; x_wconf 87' lang='lat' dir='ltr'><strong>gratum</strong></span> <span class='ocrx_word' id='word_1_108' title='bbox 1783 3346 1986 3424; x_wconf 83' lang='lat' dir='ltr'><strong>iuvat,</strong></span> <span class='ocrx_word' id='word_1_109' title='bbox 2019 3346 2137 3410; x_wconf 90' lang='lat' dir='ltr'><strong>hac</strong></span> <span class='ocrx_word' id='word_1_110' title='bbox 2167 3369 2358 3431; x_wconf 86' lang='lat' dir='ltr'><strong>prece</strong></span> <span class='ocrx_word' id='word_1_111' title='bbox 2390 3356 2454 3412; x_wconf 89' lang='lat' dir='ltr'><strong>te</strong></span> <span class='ocrx_word' id='word_1_112' title='bbox 2486 3370 2618 3425; x_wconf 91' lang='lat' dir='ltr'><strong>or0,</strong></span> 
     </span>
     <span class='ocr_line' id='line_1_17' title="bbox 584 3457 2198 3545; baseline -0.001 -22"><span class='ocrx_word' id='word_1_113' title='bbox 584 3461 829 3545; x_wconf 85' lang='lat' dir='ltr'><strong>pingue</strong></span> <span class='ocrx_word' id='word_1_114' title='bbox 858 3482 1054 3544; x_wconf 87' lang='lat' dir='ltr'><strong>pecus</strong></span> <span class='ocrx_word' id='word_1_115' title='bbox 1084 3457 1345 3521; x_wconf 92' lang='lat' dir='ltr'><strong>domino</strong></span> <span class='ocrx_word' id='word_1_116' title='bbox 1377 3458 1570 3521; x_wconf 76' lang='lat' dir='ltr'><strong>facias</strong></span> <span class='ocrx_word' id='word_1_117' title='bbox 1602 3465 1670 3521; x_wconf 87' lang='lat' dir='ltr'><strong>et</strong></span> <span class='ocrx_word' id='word_1_118' title='bbox 1698 3464 1913 3521; x_wconf 88' lang='lat' dir='ltr'><strong>cetera</strong></span> <span class='ocrx_word' id='word_1_119' title='bbox 1941 3465 2198 3542; x_wconf 86' lang='lat' dir='ltr'><strong>praeter</strong></span> 
     </span>
    </p>

    <p class='ocr_par' dir='ltr' id='par_1_14' title="bbox 581 3569 2774 3770">
     <span class='ocr_line' id='line_1_18' title="bbox 582 3569 2774 3658; baseline -0.001 -22"><span class='ocrx_word' id='word_1_120' title='bbox 582 3573 940 3658; x_wconf 86' lang='lat' dir='ltr'><strong>ingenium,</strong></span> <span class='ocrx_word' id='word_1_121' title='bbox 971 3578 1173 3654; x_wconf 90' lang='lat' dir='ltr'><strong>utque</strong></span> <span class='ocrx_word' id='word_1_122' title='bbox 1204 3570 1371 3633; x_wconf 88' lang='lat' dir='ltr'><strong>soles</strong></span> <span class='ocrx_word' id='word_1_123' title='bbox 1402 3576 1621 3633; x_wconf 84' lang='lat' dir='ltr'><strong>custos</strong></span> <span class='ocrx_word' id='word_1_124' title='bbox 1650 3569 1810 3632; x_wconf 86' lang='lat' dir='ltr'><strong>mihi</strong></span> <span class='ocrx_word' id='word_1_125' title='bbox 1840 3570 2159 3634; x_wconf 83' lang='lat' dir='ltr'><strong>maximus</strong></span> <span class='ocrx_word' id='word_1_126' title='bbox 2189 3572 2383 3635; x_wconf 79' lang='lat' dir='ltr'><strong>adsiS.</strong></span> <span class='ocrx_word' id='word_1_127' title='bbox 2716 3603 2735 3634; x_wconf 77' lang='grc' dir='ltr'>ι</span> <span class='ocrx_word' id='word_1_128' title='bbox 2749 3601 2774 3648; x_wconf 85' lang='lat'>5</span> 
     </span>
     <span class='ocr_line' id='line_1_19' title="bbox 581 3682 2434 3770; baseline -0.001 -21"><span class='ocrx_word' id='word_1_129' title='bbox 581 3707 737 3770; x_wconf 85' lang='lat' dir='ltr'><strong>ergo</strong></span> <span class='ocrx_word' id='word_1_130' title='bbox 769 3684 881 3746; x_wconf 89' lang='lat' dir='ltr'><strong>ubi</strong></span> <span class='ocrx_word' id='word_1_131' title='bbox 909 3705 1013 3745; x_wconf 89' lang='lat' dir='ltr'><strong>me</strong></span> <span class='ocrx_word' id='word_1_132' title='bbox 1041 3682 1108 3743; x_wconf 91' lang='lat' dir='ltr'><strong>in</strong></span> <span class='ocrx_word' id='word_1_133' title='bbox 1139 3690 1394 3745; x_wconf 88' lang='lat' dir='ltr'><strong>montes</strong></span> <span class='ocrx_word' id='word_1_134' title='bbox 1426 3689 1493 3745; x_wconf 89' lang='lat' dir='ltr'><strong>et</strong></span> <span class='ocrx_word' id='word_1_135' title='bbox 1520 3682 1589 3743; x_wconf 90' lang='lat' dir='ltr'><strong>in</strong></span> <span class='ocrx_word' id='word_1_136' title='bbox 1620 3704 1830 3745; x_wconf 87' lang='lat' dir='ltr'><strong>arcem</strong></span> <span class='ocrx_word' id='word_1_137' title='bbox 1864 3704 1944 3745; x_wconf 83' lang='lat' dir='ltr'><strong>ex</strong></span> <span class='ocrx_word' id='word_1_138' title='bbox 1974 3684 2134 3746; x_wconf 90' lang='lat' dir='ltr'><strong>urbe</strong></span> <span class='ocrx_word' id='word_1_139' title='bbox 2163 3684 2434 3761; x_wconf 85' lang='lat' dir='ltr'><strong>removi,</strong></span> 
     </span>
    </p>

    <p class='ocr_par' dir='ltr' id='par_1_15' title="bbox 582 3795 2244 3882">
     <span class='ocr_line' id='line_1_20' title="bbox 582 3795 2244 3882; baseline -0.001 -22"><span class='ocrx_word' id='word_1_140' title='bbox 582 3797 736 3882; x_wconf 89' lang='lat' dir='ltr'><strong>quid</strong></span> <span class='ocrx_word' id='word_1_141' title='bbox 766 3797 942 3880; x_wconf 88' lang='lat' dir='ltr'><strong>prius</strong></span> <span class='ocrx_word' id='word_1_142' title='bbox 971 3795 1289 3857; x_wconf 72' lang='lat' dir='ltr'><strong>illustrem</strong></span> <span class='ocrx_word' id='word_1_143' title='bbox 1320 3795 1533 3857; x_wconf 87' lang='lat' dir='ltr'><strong>satiris</strong></span> <span class='ocrx_word' id='word_1_144' title='bbox 1563 3817 1874 3879; x_wconf 84' lang='lat' dir='ltr'><strong>musaque</strong></span> <span class='ocrx_word' id='word_1_145' title='bbox 1905 3795 2244 3878; x_wconf 81' lang='lat' dir='ltr'><strong>pedestri?</strong></span> 
     </span>
    </p>

    <p class='ocr_par' dir='ltr' id='par_1_16' title="bbox 577 3906 2339 4104">
     <span class='ocr_line' id='line_1_21' title="bbox 577 3906 2339 3991; baseline -0.001 -18"><span class='ocrx_word' id='word_1_146' title='bbox 577 3932 697 3973; x_wconf 92' lang='lat' dir='ltr'><strong>nec</strong></span> <span class='ocrx_word' id='word_1_147' title='bbox 727 3910 894 3971; x_wconf 88' lang='lat' dir='ltr'><strong>mala</strong></span> <span class='ocrx_word' id='word_1_148' title='bbox 922 3929 1027 3970; x_wconf 91' lang='lat' dir='ltr'><strong>me</strong></span> <span class='ocrx_word' id='word_1_149' title='bbox 1056 3906 1323 3969; x_wconf 88' lang='lat' dir='ltr'><strong>ambitio</strong></span> <span class='ocrx_word' id='word_1_150' title='bbox 1353 3906 1570 3990; x_wconf 89' lang='lat' dir='ltr'><strong>perdit</strong></span> <span class='ocrx_word' id='word_1_151' title='bbox 1598 3929 1718 3970; x_wconf 92' lang='lat' dir='ltr'><strong>nec</strong></span> <span class='ocrx_word' id='word_1_152' title='bbox 1748 3908 2090 3991; x_wconf 89' lang='lat' dir='ltr'><strong>plumbeus</strong></span> <span class='ocrx_word' id='word_1_153' title='bbox 2120 3916 2339 3972; x_wconf 86' lang='lat' dir='ltr'><strong>auster</strong></span> 
     </span>
     <span class='ocr_line' id='line_1_22' title="bbox 577 4018 2338 4104; baseline -0.001 -19"><span class='ocrx_word' id='word_1_154' title='bbox 577 4029 1051 4104; x_wconf 85' lang='lat' dir='ltr'><strong>autumnusque</strong></span> <span class='ocrx_word' id='word_1_155' title='bbox 1082 4019 1323 4104; x_wconf 86' lang='lat' dir='ltr'><strong>gravis,</strong></span> <span class='ocrx_word' id='word_1_156' title='bbox 1358 4018 1682 4082; x_wconf 86' lang='lat' dir='ltr'><strong>Libitinae</strong></span> <span class='ocrx_word' id='word_1_157' title='bbox 1716 4027 2019 4103; x_wconf 87' lang='lat' dir='ltr'><strong>quaestus</strong></span> <span class='ocrx_word' id='word_1_158' title='bbox 2049 4022 2338 4084; x_wconf 89' lang='lat' dir='ltr'><strong>acerbae.</strong></span> 
     </span>
    </p>
   </div>
  </div>
 </body>
</html>
