3109 4817
977 272 1765 337 EPISTULARUM
1830 275 1865 336 I
1921 275 1996 340 17

362 449 466 512 hic
498 449 676 513 subit
706 456 774 513 et
802 450 1067 533 perfert.
1171 457 1286 513 aut
1314 449 1522 514 virtus
1552 471 1792 513 nomen
1821 450 2014 515 inane
2046 458 2168 528 est,

362 569 476 625 aut
503 562 702 625 decus
735 569 803 625 et
832 562 1116 645 pretium
1145 570 1322 626 recte
1352 564 1523 648 petit
1552 564 1893 646 experiens
1924 564 2045 627 vir.

362 695 579 737 coram
607 696 764 759 rege
795 697 912 739 sua
939 674 1022 738 de
1052 670 1435 759 paupertate
1465 682 1757 739 tacentes

363 788 508 870 plus
537 794 847 871 poscente
877 788 1110 851 ferent.
1215 787 1417 851 distat
1445 810 1747 852 sumasne
1776 789 2102 873 pudenter

363 920 445 961 an
473 901 708 984 rapias.
809 900 992 984 atqui
1020 921 1237 963 rerum
1267 907 1463 983 caput
1492 901 1615 964 hoc
1645 910 1806 980 erat,
1838 902 1944 965 hic
1973 902 2139 965 fonS.

365 1016 384 1044 ‘
404 1011 700 1076 indotata
727 1012 889 1075 mihi
920 1034 1103 1076 soror
1133 1018 1256 1091 est,
1288 1015 1680 1098 paupercula
1708 1022 1939 1091 mater,

365 1130 434 1186 et
461 1124 700 1188 fundus
729 1147 850 1187 nec
878 1124 1228 1188 vendibilis
1258 1146 1378 1187 nec
1410 1146 1674 1209 pascere
1703 1126 1955 1190 firmus’

369 1237 478 1321 qui
506 1237 689 1314 dicit,
722 1238 958 1301 clamat
988 1242 1007 1270 ‘
1027 1238 1276 1301 victum
1306 1236 1510 1301 date'.
1617 1238 1893 1302 succinit
1921 1241 2086 1303 alter

368 1355 387 1383 ‘
409 1356 476 1413 et
504 1350 664 1413 mihi
694 1350 962 1414 dividuo
990 1350 1275 1414 findetur
1303 1372 1573 1414 munere
1606 1352 1900 1436 quadra’.

368 1463 483 1526 sed
515 1462 751 1527 tacitus
773 1464 953 1547 pasci
983 1464 1040 1527 si
1069 1470 1293 1548 posset
1322 1485 1578 1540 corVUS,
1610 1464 1884 1528 haberet

368 1576 512 1660 plus
547 1575 733 1660 dapis
765 1582 833 1639 et
860 1576 1039 1639 rixae
1068 1577 1274 1639 multo
1304 1576 1520 1639 minus
1550 1575 1987 1662 invidiaeque.

368 1687 789 1751 Brundisium
820 1710 1036 1752 comes
1067 1696 1181 1752 aut
1215 1687 1601 1752 Surrentum
1632 1690 1866 1753 ductus
1897 1711 2239 1753 amoenum

370 1800 480 1885 qui
512 1800 807 1885 queritur
836 1801 1120 1865 salebras
1151 1808 1219 1865 et
1248 1802 1552 1865 acerbum
1583 1802 1791 1887 frigus
1822 1809 1890 1866 et
1917 1803 2182 1880 imbreS,

368 1918 482 1975 aut
510 1912 739 1976 cistam
770 1914 1100 1977 effractam
1131 1921 1200 1977 et
1229 1914 1550 1978 subducta
1579 1914 1818 1979 viatica
1846 1917 2080 2000 plorat,

367 2032 524 2088 nota
551 2026 752 2089 refert
780 2026 1138 2090 meretricis
1168 2026 1486 2103 acumina,
1519 2048 1713 2110 saepe
1744 2028 2064 2106 catellam,

371 2159 561 2221 saepe
590 2137 1040 2222 periscelidem
1067 2146 1320 2222 raptam
1351 2138 1476 2202 sibi
1506 2138 1747 2217 flentis,
1778 2140 1881 2204 uti
1909 2162 2062 2204 mox

370 2251 546 2313 nulla
572 2250 736 2313 fides
767 2251 1019 2314 damnis
1048 2251 1353 2336 verisque
1385 2250 1719 2315 doloribus
1749 2252 1942 2316 adsit.

371 2384 490 2426 nec
521 2364 723 2426 semel
749 2363 988 2427 inrisus
1019 2363 1230 2428 triviis
1261 2365 1559 2427 attollere
1590 2370 1775 2427 curat

371 2475 575 2539 fracto
605 2498 789 2539 crure
821 2477 1105 2561 planum.
1207 2476 1363 2541 licet
1389 2477 1486 2539 illi
1514 2476 1793 2562 plurima
1822 2485 2046 2541 manet

370 2587 653 2667 lacrima,
684 2610 804 2673 per
833 2596 1130 2653 sanctum
1158 2590 1408 2655 iuratus
1438 2591 1615 2655 dicat
1645 2591 1887 2656 Osirim

375 2706 395 2733 ‘
413 2700 680 2778 credite,
711 2722 843 2764 non
872 2701 1063 2764 ludo:
1111 2702 1426 2782 crudeles,
1459 2704 1668 2768 tollite
1698 2705 2051 2769 claudum'.

376 2818 395 2846 ‘
414 2835 647 2898 quaere
678 2814 1096 2899 peregrinum
1118 2815 1132 2840 '
1161 2817 1400 2880 vicinia
1427 2840 1622 2881 rauca
1650 2820 1976 2882 reclamat.

2442 276 2567 340 343

2501 932 2568 979 45

2509 1493 2571 1541 50

2513 2057 2574 2105 55

2512 2607 2578 2656 60
