3109 4817
1109 165 1687 231 SERMONUM
1748 165 1830 227 ΙΙ
1894 170 1931 229 6

401 342 606 405 frusta
634 339 838 417 dedit,
871 338 1138 423 cupiens
1167 338 1348 403 varia
1377 338 1637 402 fastidia
1666 360 1826 401 cena

400 454 661 517 vincere
691 450 1026 537 tangentis
1055 452 1224 516 male
1255 450 1512 536 singula
1541 451 1739 516 dente
1770 452 2074 536 superbe,

401 589 548 630 cum
577 572 764 651 pater
789 565 932 648 ipse
963 564 1193 627 domus
1222 564 1408 647 palea
1437 572 1773 649 porrectus
1802 565 1871 627 in
1901 565 2107 628 horna

403 685 578 743 esset
603 678 764 741 ador
792 678 1165 761 loliumque,
1195 676 1382 760 dapis
1411 677 1679 741 meliora
1707 677 2101 761 relinquens,

403 792 668 857 tandem
713 792 998 854 urbanus
1041 790 1125 853 ad
1169 789 1341 853 hunc
1388 793 1432 823 “
1465 790 1621 874 quid
1652 797 1718 853 te
1747 790 1931 854 iuvat
1945 792 1987 821 ’³
2017 790 2253 875 inquit,

705 909 750 937 “
781 903 1007 981 amice,

403 1016 737 1103 praerupti
765 1016 1048 1080 nemoris
1079 1015 1438 1099 patientem
1469 1016 1693 1080 vivere
1725 1016 1917 1079 dorso
1942 1018 1968 1079 ’.Ρ

403 1132 504 1195 vis
535 1138 610 1194 tu
637 1130 933 1194 homines
963 1130 1320 1212 urbemque
1351 1128 1504 1192 feris
1535 1150 1933 1213 praeponere
1964 1126 2195 1193 silvis?

405 1266 594 1329 carpe
625 1244 820 1321 viam,
852 1242 1011 1304 mihi
1041 1240 1254 1319 crede,
1287 1263 1502 1305 comes
1523 1267 1542 1317 ;
1589 1241 1923 1305 terrestria
1953 1239 2208 1325 quando

403 1357 694 1421 mortalis
722 1355 968 1419 animas
997 1352 1234 1417 vivunt
1262 1354 1514 1432 sortita,
1545 1376 1759 1439 neque
1792 1355 1922 1416 ulla
1952 1361 2054 1416 est

406 1477 520 1533 aut
548 1490 788 1553 magno
817 1474 932 1531 aut
958 1487 1161 1551 parvo
1189 1466 1306 1529 leti
1336 1466 1526 1551 fuga:
1579 1489 1727 1551 quc,
1760 1468 1954 1543 bone,
1987 1465 2177 1544 circa,

406 1582 564 1644 dum
591 1580 767 1658 licet,
795 1579 866 1641 in
895 1581 1091 1642 rebus
1119 1578 1418 1642 iucundis
1449 1580 1600 1642 vive
1631 1580 1885 1657 beatus,

405 1694 558 1757 vive
588 1713 858 1770 memor,
893 1714 1084 1776 quam
1116 1691 1204 1755 sis
1233 1691 1380 1755 aevi
1409 1691 1628 1755 brevis
1648 1694 1712 1755 ''.
1815 1691 1975 1755 haec
2004 1691 2118 1756 ubi
2148 1692 2321 1754 dicta

407 1812 734 1890 agrestem
762 1804 1094 1889 pepulere,
1127 1804 1321 1867 domo
1349 1804 1514 1867 levis
1546 1804 1765 1868 exilit:
1812 1804 1965 1867 inde

409 1918 598 1980 ambo
629 1916 1037 2001 propositum
1065 1922 1394 2001 peragunt
1418 1915 1569 1994 iter,
1602 1916 1782 1979 urbis
1812 1923 2081 1980 aventes

409 2029 664 2092 moenia
690 2028 991 2092 nocturni
1022 2031 1394 2113 subrepere.
1496 2030 1755 2113 iamque
1786 2029 2055 2092 tenebat

410 2164 542 2204 nox
569 2142 858 2204 medium
887 2141 1047 2205 caeli
1077 2141 1381 2226 spatium,
1415 2164 1563 2205 cum
1593 2142 1778 2226 ponit
1808 2148 2081 2226 uterquc

409 2254 478 2315 in
508 2253 829 2337 locuplete
859 2253 1051 2317 domo
1079 2254 1383 2339 vestigia,
1413 2255 1611 2317 rubro
1641 2254 1755 2318 ubi
1785 2276 1975 2318 cocco

411 2366 616 2429 tincta
644 2387 838 2450 super
865 2367 1069 2430 lectos
1099 2367 1406 2430 canderet
1434 2368 1638 2431 vestis
1669 2368 1970 2445 eburnOS,

412 2480 745 2564 multaque
775 2479 856 2542 de
886 2502 1126 2563 magna
1155 2487 1572 2564 superessent
1601 2480 1841 2543 fercula
1870 2502 2051 2559 cena,

416 2614 578 2676 quae
608 2593 832 2677 procul
861 2592 1175 2655 extructis
1204 2594 1463 2657 inerant
1491 2594 1797 2657 hesterna
1826 2594 2145 2658 canistris.

415 2726 572 2790 ergo
601 2704 717 2768 ubi
745 2726 1068 2789 purpurea
1098 2712 1467 2788 porrectum
1495 2706 1565 2769 in
1595 2713 1780 2770 veste
1809 2707 2050 2770 locavit

415 2824 762 2902 agrestem,
794 2816 999 2880 veluti
1029 2818 1394 2883 succinctus
1425 2820 1697 2883 cursitat
1726 2818 1963 2902 hospes

413 2930 876 3014 continuatque
906 2929 1129 3013 dapeS,
1160 2954 1280 2994 nec
1309 2953 1440 2994 non
1471 2932 1809 2996 verniliter
1836 2932 1995 3015 ipsis

415 3042 710 3127 fungitur
740 3042 985 3119 officiis,
1017 3045 1462 3127 praelambens
1494 3065 1685 3106 omne
1719 3042 1891 3126 quod
1921 3046 2129 3106 affert.

415 3154 522 3218 ille
552 3157 795 3220 cubans
825 3154 1072 3240 gaudet
1098 3163 1348 3219 mutata
1377 3162 1550 3219 sorte
1583 3154 1901 3239 bonisque

414 3269 608 3331 rebus
636 3268 778 3353 agit
806 3269 1048 3331 laetum
1078 3269 1441 3346 convivam,
1473 3290 1621 3331 cum
1652 3268 1867 3331 subito
1896 3267 2133 3351 ingens

417 3381 749 3443 valvarum
777 3382 1088 3465 strepitus
1117 3380 1300 3444 lectis
1332 3380 1619 3443 excussit
1646 3386 2013 3463 utrumque.

419 3514 672 3556 currere
702 3514 820 3577 per
849 3499 1059 3557 totum
1090 3492 1311 3577 pavidi
1341 3493 1667 3569 conclave,
1701 3491 2038 3575 magisque

421 3604 746 3668 exanimes
777 3606 1124 3690 trepidare,
1156 3606 1348 3668 simul
1377 3603 1608 3667 domus
1638 3605 1769 3669 alta
1800 3604 2103 3668 Molossis

421 3719 752 3800 personuit
783 3718 1070 3783 canibus,
1141 3725 1314 3781 ·tum
1343 3716 1623 3778 rusticus
1656 3720 1699 3749 “
1719 3716 1893 3780 haud
1922 3717 2083 3780 mihi
2112 3718 2248 3781 vita

421 3836 522 3892 est
550 3852 711 3915 opus
740 3832 920 3894 hac''
951 3832 1045 3894 ait
1080 3839 1147 3894 et
1178 3835 1221 3863 “
1241 3830 1490 3893 valeas:
1537 3850 1643 3891 me
1675 3828 1837 3892 silva
1867 3851 2191 3914 cavusque

424 3948 600 4007 tutus
629 3945 711 4007 ab
742 3944 994 4008 insidiis
1029 3944 1208 4007 tenui
1239 3941 1552 4005 solabitur
1584 3964 1737 4005 ervo
1758 3944 1799 3973 ”
1816 3944 1858 4006 '.

2478 168 2598 231 297

2539 820 2605 868 90

2543 1494 2607 1542 95

2516 2058 2609 2091 100

2518 2624 2609 2671 ¹05

2516 3747 2609 3793 ¹15
