3109 4817
1112 179 1693 245 SERMONUM
1755 179 1841 244 II
1906 182 1937 244 1
2488 181 2612 246 267

409 364 524 422 aut
553 357 609 421 si
639 362 862 422 tantus
892 378 1074 419 amor
1101 355 1428 421 scribendi
1458 364 1525 420 te
1553 356 1749 441 rapit,
1780 356 1949 420 aude
2560 385 2625 419 ιο

413 471 704 535 Caesaris
731 470 962 535 invicti
990 491 1096 533 res
1125 468 1364 548 dicere,
1395 470 1602 533 multa
1629 470 1925 532 laborum

409 584 696 668 praemia
723 584 974 647 laturus
988 584 1031 646 '.
1135 582 1467 667 cupidum,
1498 589 1688 667 pater
1717 581 1985 667 optime,
2017 582 2191 648 vires

408 695 752 761 deficiunt:
799 717 1014 781 neque
1045 696 1219 759 enim
1251 695 1463 780 quivis
1492 695 1827 759 horrentia
1855 694 2005 779 pilis

410 808 674 894 agmina
698 830 821 873 nec
849 810 1054 873 fracta
1081 808 1416 893 pereuntis
1447 807 1717 893 cuspide
1750 808 1989 887 Gallos,

409 928 524 985 aut
551 922 831 986 labentis
863 943 1030 1007 equo
1061 920 1374 985 describit
1401 922 1673 985 vulnera
1701 921 1950 985 Parthi.
2563 952 2583 985 1
2598 951 2624 1000 ς

413 1040 433 1069 ‘
463 1042 753 1099 attamen
783 1041 852 1099 et
878 1036 1126 1099 iustum
1155 1041 1415 1119 poteras
1446 1041 1516 1097 et
1545 1034 1830 1098 scribere
1859 1034 2119 1113 fortem,

419 1148 786 1231 Scipiadam
814 1154 891 1211 ut
919 1147 1178 1232 sapiens
1207 1147 1494 1210 Lucilius
1509 1148 1530 1177 ’
1539 1196 1554 1211 .
1656 1146 1831 1211 haud
1860 1146 2023 1210 mihi
2051 1147 2271 1225 deer0,

413 1282 563 1323 cum
590 1281 696 1323 res
723 1260 868 1344 ipsa
894 1260 1099 1323 feret:
1151 1260 1280 1323 nisi
1308 1258 1542 1323 dextro
1574 1265 1889 1345 tempore,
1925 1259 2139 1324 Flacci

415 1374 618 1437 verba
645 1394 764 1458 per
791 1378 1112 1436 attentam
1141 1394 1276 1435 non
1303 1371 1498 1436 ibunt
1531 1372 1823 1437 Caesaris
1854 1394 2100 1452 aurem,

415 1487 520 1551 cui
547 1488 714 1551 male
744 1488 800 1551 si
829 1488 1116 1572 palpere,
1148 1486 1514 1550 recalcitrat
1543 1485 1833 1572 undique
1863 1492 2067 1551 tutus.
2556 1514 2623 1549 ιο

417 1604 438 1633 ‘
462 1606 707 1685 quanto
735 1599 977 1663 rectius
1006 1600 1130 1663 hoc
1162 1621 1358 1684 quam
1389 1598 1564 1662 tristi
1592 1599 1849 1663 laedere
1877 1620 2073 1663 versu

415 1711 846 1776 Pantolabum
878 1734 1168 1775 scurram
1197 1710 1264 1776 N
1268 1718 1773 1775 omentanumve
1800 1718 2132 1797 nepotem,

415 1846 563 1888 cum
593 1824 719 1889 sibi
750 1825 1024 1910 quisque
1054 1825 1266 1901 timet,
1301 1847 1693 1910 quamquam
1725 1831 1828 1890 est
1855 1826 2163 1905 intactus,
2198 1834 2267 1891 et
2297 1826 2487 1891 odit’.

419 1936 575 2023 quid
602 1937 886 2001 fficiam?
933 1938 1130 2001 saltat
1159 1936 1496 2015 Milonius,
1529 1943 1607 2000 ut
1637 1938 1838 2001 semel
1865 1938 1999 2001 icto

416 2049 690 2115 accessit
717 2050 934 2113 fervor
963 2049 1162 2134 capiti
1187 2071 1633 2134 numerusque
1659 2049 1941 2113 lucernis
1962 2075 1981 2127 ;
2560 2081 2589 2113 2
2600 2080 2623 2128 ς

420 2162 649 2227 Castor
677 2162 924 2248 gaudet
951 2162 1158 2247 equis,
1191 2184 1316 2227 ovo
1346 2168 1706 2247 prognatus
1736 2161 1965 2226 eodem

416 2276 693 2361 pugnis,
741 2281 904 2360 quot
930 2275 1218 2360 capitum
1246 2274 1504 2353 vivunt,
1535 2273 1813 2339 totidem
1842 2275 2207 2340 studiorum

418 2386 616 2451 milia.
718 2408 824 2450 me
853 2386 1132 2471 pedibus
1161 2386 1448 2451 delectat
1474 2387 1773 2451 claudere
1800 2388 2006 2452 verba

422 2500 630 2564 Lucili
656 2500 811 2578 ritu,
840 2507 1138 2565 nostrum
1168 2501 1452 2564 melioris
1483 2508 1781 2587 utroque.

418 2614 526 2677 ille
554 2613 741 2678 velut
765 2612 916 2677 fidis
943 2635 1176 2677 arcana
1205 2612 1534 2677 sodalibus
1566 2614 1720 2677 olim
2564 2644 2628 2692 30

419 2726 728 2790 credebat
753 2724 962 2803 libris,
991 2747 1228 2811 neque,
1261 2726 1317 2790 si
1344 2728 1512 2791 male
1543 2734 1849 2807 cesserat,
1879 2748 2155 2813 usquam

419 2838 768 2902 decurrens
797 2837 946 2917 alic,
975 2860 1190 2924 neque
1221 2840 1278 2903 si
1306 2840 1508 2904 bene:
1559 2862 1687 2925 quo
1714 2839 1792 2904 fit
1818 2846 1897 2905 ut
1925 2841 2135 2905 omnis

420 2952 644 3015 votiva
671 2958 897 3036 pateat
923 2952 1130 3015 veluti
1158 2952 1484 3037 descripta
1514 2953 1754 3017 tabella

419 3063 559 3128 vita
588 3064 784 3129 senis.
889 3084 1128 3148 sequor
1154 3064 1352 3143 hunc,
1385 3064 1687 3128 Lucanus
1716 3086 1799 3127 an
1835 3063 2091 3148 Apulus
2120 3086 2395 3148 anceps:

419 3198 573 3239 nam
601 3175 976 3241 Venusinus
1004 3183 1148 3240 arat
1173 3176 1373 3240 finem
1401 3177 1524 3241 sub
1553 3183 1906 3261 utrumque
1935 3177 2199 3238 colonus
2202 3223 2223 3252 ,
2564 3204 2626 3252 35

421 3290 658 3353 missus
685 3290 770 3353 ad
797 3291 943 3368 hoc,
973 3288 1200 3374 pulsis,
1231 3295 1423 3353 vetus
1455 3294 1558 3353 est
1586 3295 1662 3351 ut
1688 3288 1881 3366 fama,
1918 3286 2214 3365 Sabellis,

424 3423 553 3487 quo
581 3424 667 3465 ne
696 3424 814 3487 per
841 3424 1122 3466 vacuum
1151 3402 1448 3465 Romano
1475 3401 1839 3464 incurreret
1864 3399 2095 3476 hostis,

423 3514 562 3578 sive
593 3514 767 3599 quod
795 3514 1016 3599 Apula
1043 3536 1210 3599 gens
1239 3536 1358 3577 seu
1389 3513 1564 3599 quod
1594 3512 1883 3577 Lucania.
1910 3512 2155 3575 bellum

420 3625 746 3690 incuteret
771 3627 1080 3690 violenta.
1185 3626 1301 3689 sed
1329 3624 1438 3688 hic
1467 3624 1655 3689 stilus
1682 3623 1857 3686 haud
1887 3631 2073 3709 petet
2099 3624 2272 3687 ultro

426 3760 817 3824 quemquam
844 3740 1244 3803 animantem
1275 3744 1344 3802 et
1370 3758 1477 3801 me
1505 3736 1713 3801 veluti
1742 3735 2069 3801 custodiet
2097 3736 2271 3801 ensis
2556 3764 2628 3812 40

424 3850 665 3935 vagina
693 3858 943 3916 tectus:
992 3872 1188 3937 quem
1217 3871 1333 3913 cur
1361 3848 1769 3933 destringere
1800 3870 1997 3913 coner

425 3969 608 4027 tutus
635 3964 720 4029 ab
747 3964 1003 4029 infestis
1031 3962 1442 4027 latronibus?
1490 3984 1530 4026 o
1559 3968 1746 4047 pater
1776 3970 1844 4027 et
1870 3985 1989 4027 rex
