3109 4817
552 207 684 273 354
1412 205 1896 271 HORATII

556 384 669 470 qui
698 384 806 448 vel
834 403 1059 447 mense
1089 381 1276 447 brevi
1304 383 1413 447 vel
1442 389 1588 446 toto
1617 389 1721 446 est
1747 381 1963 446 iunior
1991 383 2216 446 anno’.

552 504 705 562 utor
731 495 1071 581 permisso,
1102 495 1477 581 caudaeque
1506 495 1676 579 pilos
1705 502 1781 559 ut
1811 495 2088 580 equinae

556 609 873 694 paulatim
900 609 1074 672 vello
1104 614 1173 671 et
1201 601 1394 671 demo
1422 629 1650 686 unum,
1681 607 1876 671 demo
1905 613 1976 671 et
2003 606 2167 671 item
2195 629 2423 686 unum,

554 723 713 786 dum
741 721 934 786 cadat
962 721 1181 785 elusus
1208 719 1461 784 ratione
1490 720 1746 785 ruentis
1774 720 2014 798 acervi,
2037 769 2048 778 .

559 835 673 921 qui
698 834 873 898 redit
898 833 969 898 in
999 835 1203 898 fastos
1234 839 1303 897 et
1330 832 1649 897 virtutem
1677 833 1985 898 aestimat
2011 834 2200 898 annis

559 948 962 1034 miraturque
990 946 1155 1010 nihil
1182 946 1312 1010 nisi
1342 946 1518 1031 quod
1550 937 1841 1010 Libitina
1869 949 2172 1011 sacravit.

556 1061 808 1126 Ennius
838 1067 906 1125 et
934 1060 1195 1145 sapiens
1225 1067 1293 1124 et
1322 1059 1509 1123 fortis
1539 1065 1610 1123 et
1635 1060 1803 1124 alter
1831 1059 2182 1137 Homerus,

554 1180 635 1238 ut
663 1173 872 1238 critici
899 1173 1149 1250 dicunt,
1178 1172 1416 1236 leviter
1444 1193 1670 1236 curare
1698 1173 1964 1237 videtur

560 1308 689 1373 quo
718 1271 1037 1372 promissa
1070 1284 1309 1350 cadant
1337 1290 1407 1348 et
1436 1286 1689 1348 somnia
1719 1271 2178 1370 Pythagorea?

564 1398 859 1464 Naevius
885 1398 956 1462 in
985 1398 1287 1461 manibus
1316 1415 1450 1461 non
1482 1405 1585 1462 est
1616 1403 1685 1461 et
1711 1399 2045 1462 mentibus
2074 1398 2302 1462 haeret

560 1533 767 1597 paene
795 1511 1073 1575 recens?
1119 1509 1283 1573 adeo
1314 1516 1612 1573 sanctum
1642 1516 1746 1574 est
1773 1518 1967 1575 vetus
1996 1530 2190 1574 omne
2220 1532 2472 1594 poema.

564 1624 924 1709 ambigitur
954 1623 1278 1708 quotiens,
1308 1628 1459 1686 uter
1486 1629 1636 1686 utro
1667 1623 1758 1687 sit
1785 1621 1984 1707 prioe,
2017 1622 2230 1686 aufert

562 1735 885 1800 Pacuvius
914 1735 1093 1800 docti
1120 1734 1360 1798 famam
1388 1735 1587 1813 senis,
1620 1734 1862 1798 Accius
1889 1733 2030 1812 alti,

562 1847 803 1912 dicitur
830 1847 1063 1912 Afrani
1092 1853 1252 1932 toga
1281 1845 1666 1911 convenisse
1695 1846 2088 1925 Menandre,

564 1960 835 2023 Plautus
863 1958 949 2022 ad
978 1959 1312 2042 exemplar
1346 1957 1545 2024 Siculi
1574 1980 1924 2044 properare
1953 1957 2348 2043 Epicharmi,

562 2071 824 2137 vincere
860 2070 1175 2138 Caecilius
1205 2071 1555 2156 gravitate,
1588 2070 1934 2136 Terentius
1964 2077 2127 2136 arte.

561 2185 683 2248 hos
713 2183 947 2248 ediscit
974 2191 1044 2251 et
1069 2183 1191 2247 hos
1221 2191 1363 2247 arto
1392 2183 1636 2268 stipata
1665 2185 1923 2248 theatro

565 2303 821 2382 spectat
850 2295 1061 2360 Roma
1088 2302 1364 2381 potens3
1408 2296 1617 2360 habet
1655 2296 1778 2362 hos
1809 2303 2240 2382 numeratque
2269 2305 2498 2382 poetas

564 2409 649 2473 ad
675 2415 973 2473 nostrum
1002 2415 1264 2492 tempus
1294 2407 1445 2473 Livi
1472 2408 1810 2494 scriptoris
1837 2409 1922 2472 ab
1951 2430 2136 2473 aeVO.

564 2521 895 2586 interdum
924 2521 1161 2605 volgus
1189 2527 1445 2586 rectum
1472 2520 1682 2600 videt,
1715 2528 1818 2586 est
1845 2521 1962 2585 ubi
1991 2529 2240 2606 peccat.

476 2652 483 2658 ·
570 2633 627 2697 si
654 2639 915 2698 veteres
944 2632 1040 2696 ita
1066 2631 1343 2700 miratur
1371 2632 1724 2720 laudatque
1754 2639 1982 2718 poetas

571 2750 648 2809 ut
672 2744 837 2808 nihil
865 2743 1207 2822 anteferat,
1237 2745 1401 2808 nihil
1428 2745 1559 2810 illis
1588 2752 1942 2831 comparet,
1975 2753 2170 2812 errat.

570 2857 627 2922 si
658 2857 975 2944 quaedam
1002 2858 1199 2922 nimis
1226 2859 1518 2944 antique,
1550 2859 1609 2924 si
1637 2860 1946 2946 pleraque
1961 2860 2139 2924 dure

572 2971 789 3034 dicere
819 2970 1029 3035 credit
1056 2992 1189 3049 eos,
1220 2971 1463 3056 ignave
1496 2973 1704 3036 multa
1732 2972 1997 3051 fatetur,

572 3091 643 3150 et
670 3084 844 3169 sapit
872 3091 941 3150 et
966 3105 1223 3149 mecum
1252 3084 1411 3150 facit
1438 3091 1508 3150 et
1535 3085 1698 3150 Iove
1725 3085 1974 3150 iudicat
1999 3107 2230 3172 aeque.

572 3219 707 3262 non
738 3195 1041 3288 equidem
1067 3197 1357 3264 insector
1382 3196 1747 3262 delendave
1775 3197 2064 3261 carmina
2093 3197 2242 3263 Livi

572 3330 717 3374 esse
744 3330 914 3388 reor,
943 3309 1211 3373 memini
1242 3331 1409 3394 quae
1436 3310 1782 3395 plagosum
1809 3310 1972 3374 mihi
2000 3333 2203 3395 parvo

576 3421 901 3490 Orbilium
927 3421 1213 3487 dictare:
1261 3421 1378 3487 sed
1408 3422 1754 3487 emendata
1780 3422 1993 3486 videri

576 3535 971 3620 pulchraque
1002 3542 1071 3604 et
1100 3535 1346 3599 exactis
1374 3535 1718 3600 minimum
1747 3535 2060 3600 distantia
2087 3534 2308 3602 miror.

574 3649 749 3715 inter
777 3669 943 3734 quae
970 3647 1247 3713 verbum
1278 3646 1547 3712 emicuit
1575 3647 1630 3712 si
1657 3649 1824 3712 forte
1853 3647 2184 3727 decorum,

576 3761 634 3825 si
660 3781 890 3826 versus
918 3761 1113 3846 paulo
1142 3759 1521 3829 concinnior
1548 3783 1720 3825 unus
1749 3767 1820 3824 et
1845 3761 2032 3837 alter,

572 3872 815 3937 iniuste
845 3879 1057 3937 totum
1086 3873 1270 3938 ducit
1296 3873 1656 3958 venditque
1686 3895 1939 3959 poema.

574 3985 883 4070 indignor
913 3986 1256 4072 quicquam
1288 3986 1698 4070 reprehendi,
1729 4008 1862 4049 non
1897 3983 2046 4070 quia
2075 4007 2289 4049 crasse

2707 524 2779 572 45

2717 1088 2786 1136 50

2717 1652 2784 1700 55

2715 2198 2785 2248 60

2723 3344 2790 3390 70

2723 3905 2788 3954 75
