3109 4817
584 183 705 247 196

1454 179 1896 246 HORATII

972 357 1158 420 iubet
1187 355 1499 441 sepulcris
1530 356 1864 441 caprificos
1896 363 2134 434 erutas,

981 468 1168 532 iubet
1196 489 1536 553 cupressos
1567 468 1858 533 funebris

986 588 1054 644 et
1081 587 1278 644 uncta
1308 581 1517 665 turpis
1548 602 1673 644 ova
1700 603 1895 645 ranae
1921 579 2239 666 sanguine

982 693 1399 777 plumamque
1426 700 1785 756 nocturnae
1815 693 2040 778 strigis

983 806 1370 890 herbasque,
1406 827 1564 890 quas
1596 806 1808 870 Iolcos
1837 811 2036 892 atque
2066 805 2342 870 Hiberia.

983 918 1189 982 mittit
1216 940 1620 982 venenorum
1650 918 1828 982 ferax
1833 967 1852 996 ,

989 1037 1058 1094 et
1087 1052 1233 1094 ossa
1260 1031 1345 1094 ab
1375 1052 1487 1095 ore
1514 1039 1706 1116 rapta
1732 1031 1988 1095 ieiunae
2017 1031 2196 1094 canis

990 1143 1266 1207 flammis
1294 1143 1482 1206 aduri
1516 1143 1853 1208 Colchicis,

988 1262 1057 1318 at
1086 1256 1393 1341 expedita
1426 1257 1705 1341 Sagana,
1737 1277 1858 1341 per
1884 1263 2091 1320 totam
2122 1257 2389 1320 domum

991 1389 1307 1453 spargens
1336 1366 1684 1433 Avernalis
1713 1389 1936 1452 aquas,

982 1480 1205 1544 horret
1232 1480 1479 1565 capillis
1508 1485 1586 1544 ut
1613 1480 1901 1544 marinus
1930 1481 2177 1566 asperis

989 1594 1256 1658 echinus
1285 1601 1401 1657 aut
1428 1615 1695 1658 currens
1724 1615 1901 1678 aper.

988 1706 1219 1770 abacta
1246 1705 1422 1768 nulla
1450 1704 1619 1769 Veia
1649 1704 2045 1770 conscientia

985 1816 1315 1902 ligonibus
1343 1818 1525 1881 duris
1553 1817 1822 1880 humum

988 1932 1410 1995 exhauriebat
1435 1932 1781 2016 ingemens
1809 1931 2140 1994 laboribus
2143 1979 2161 2008 ‚

991 2064 1118 2128 quo
1148 2050 1371 2129 posset
1398 2043 1684 2108 infossus
1712 2065 1875 2128 puer

993 2159 1192 2243 longo
1223 2158 1329 2223 die
1359 2157 1461 2223 bis
1491 2165 1722 2243 terque
1749 2165 2041 2222 mutatae
2070 2157 2257 2242 dapis

989 2271 1263 2335 inemori
1292 2271 1685 2354 spectaculO,

992 2405 1140 2447 cum
1171 2383 1571 2469 promineret
1598 2405 1732 2462 ore,
1765 2389 2081 2468 quantum
2111 2389 2339 2447 extant
2365 2405 2537 2468 aqua

974 2518 1306 2582 suspensa
1331 2503 1558 2560 mento
1587 2517 1893 2581 corpora3
2489 2507 2496 2514 '

989 2615 1223 2673 exucta
1251 2609 1349 2672 uti
1379 2608 1666 2673 medulla
1694 2614 1765 2672 et
1792 2606 2046 2671 aridum
2073 2607 2252 2671 iecur

985 2722 1223 2786 amoris
1253 2728 1429 2786 esset
1454 2722 1783 2806 poculum,

983 2833 1404 2898 interminato
1433 2856 1584 2897 cum
1613 2835 1816 2898 semel
1843 2833 2014 2896 fixae
2043 2833 2190 2897 cibo

982 2945 1422 3010 intabuissent
1450 2947 1755 3031 papulae.

980 3081 1114 3122 non
1149 3058 1433 3123 defuisse
1463 3059 1786 3123 masculae
1815 3057 2104 3122 libidinis

982 3172 1467 3235 Ariminensem
1500 3171 1748 3235 Folia-m

984 3291 1052 3348 et
1082 3285 1291 3348 offiosa
1320 3283 1598 3348 credidit
1625 3282 1938 3368 Neapolis

989 3401 1057 3460 et
1088 3417 1279 3461 omne
1308 3396 1596 3461 vicinum
1626 3395 1962 3482 oppidum,

989 3532 1152 3595 quae
1184 3509 1397 3574 sidera
1426 3517 1770 3574 excantata
1798 3531 1958 3575 voce
1988 3507 2297 3572 Thessala

983 3623 1333 3708 lunamque
1362 3623 1540 3685 caelo
1570 3622 1831 3707 deripit.

983 3734 1089 3798 hic
1116 3735 1511 3798 inresectum
1540 3755 1738 3799 saeva
1765 3733 1962 3798 dente
1992 3733 2196 3798 livido

992 3845 1260 3910 Canidia
1286 3846 1525 3910 rodens
1554 3847 1854 3930 pollicem

990 3957 1145 4043 quid
1174 3957 1342 4021 dixit
1370 3966 1485 4022 aut
1514 3958 1671 4043 quid
1693 3959 1944 4023 tacuit?
1993 3963 2014 3994 ‘
2035 3980 2073 4023 o
2103 3959 2302 4023 rebus
2327 3961 2493 4024 meis

2731 1845 2790 1892 30

2729 2411 2786 2458 35

2717 3537 2780 3583 45
