3109 4817
1035 229 1796 296 EPISTULARUM
1864 232 1937 296 II
2010 234 2041 295 1

395 427 544 469 cum
571 411 750 469 recte
779 411 1065 469 tractent
1091 406 1225 484 alii,
1254 406 1519 470 laudare
1547 382 1875 491 maligne}

391 518 502 581 ille
531 525 650 602 p‘er
678 524 1021 582 extentum
1051 503 1276 583 funem
1302 509 1465 582 inihi
1493 509 1686 616 posse
1715 519 1979 583 videtur

384 632 489 695 ire
517 620 735 716 poe'ta,
765 631 1129 731 meumlqui
1159 632 1390 717 pectas
1417 632 1703 701 inaniter
1730 633 1940 717 angit,
1981 652 1988 657 ·

389 743 627 823 iri-iim,
657 745 923 824 mulcet,
955 745 1132 809 falsis
1162 745 1523 809 terroribus
1549 744 1805 829 implet,

391 864 467 921 'ut
494 854 751 942 magne,
782 866 852 921 et
878 856 1075 921 modo
1103 880 1210 921 me
1240 857 1507 937 Thebis,
1536 857 1735 922 modo
1763 858 1952 944 ponit
1981 858 2287 924 Athenis.
2340 862 2345 880 ²

393 991 621 1033 verum
649 986 776 1055 age
807 978 876 1034 et
903 970 1030 1049 his,
1063 971 1176 1056 qni
1205 991 1277 1034 se
1304 970 1535 1034 lectori
1566 970 1832 1035 credere
1862 972 2114 1035 malunt

394 1103 587 1167 quam
616 1085 1002 1168 spectatoris
1032 1083 1291 1148 fastidia
1319 1083 1487 1147 ferre
1518 1084 1810 1169 superbi,

391 1216 612 1258 curam
639 1196 841 1260 redde
871 1196 1164 1275 brevem,
1197 1197 1254 1260 si
1285 1218 1519 1260 munus
1550 1195 1857 1282 Apolline
1886 1196 2163 1282 dignum

390 1308 493 1370 vis
520 1310 824 1393 conplere
853 1309 1037 1374 libris
1069 1317 1139 1373 et
1166 1310 1432 1375 vatibus
1460 1309 1705 1374 addere
1734 1310 1966 1387 calcar,

391 1427 465 1483 ut
494 1420 712 1485 studio
742 1422 984 1487 maiore
1013 1430 1245 1507 petant
1276 1422 1597 1487 Helicona
1624 1422 1971 1487 virentem.

389 2875 591 2939 multa
620 2875 884 2960 quidem
914 2878 1106 2943 nobis
1134 2879 1406 2945 facimus
1437 2882 1606 2945 mala
1636 2904 1830 2967 saepe
1860 2890 2094 2966 poetae

388 2981 492 3077 (ut
518 2989 742 3053 vineta
770 2998 1036 3075 egomet
1063 2994 1330 3058 caedam
1359 2986 1556 3083 mea),
1589 3016 1738 3058 cum
1768 2994 1893 3058 tibi
1922 2994 2161 3058 librum

385 3100 661 3165 sollicito
690 3102 919 3168 damus
949 3112 1064 3169 aut
1093 3105 1265 3169 fesso
1286 3132 1305 3181 ;
1352 3129 1500 3169 cum
1529 3107 1870 3184 laedimur,
1901 3129 2105 3169 unum

383 3212 588 3298 siquis
616 3214 972 3281 amicorum
1001 3226 1105 3282 est
1132 3240 1327 3281 ausus
1355 3217 1838 3302 reprehendere
1868 3239 2132 3282 versum
2154 3243 2172 3293 3

385 3346 533 3389 cum
560 3326 702 3390 loca
728 3328 860 3391 iam
887 3328 1161 3392 recitata
1188 3330 1586 3394 revolvimus
1615 3329 2013 3404 inrevocati5

385 3459 533 3501 cum
561 3439 1014 3518 lamentamur,
1044 3446 1177 3504 no‘n
1206 3463 1517 3526 apparere
1546 3442 1802 3505 labores

385 3557 643 3615 nostros
674 3560 743 3616 et
771 3554 954 3617 tenui
983 3554 1266 3617 deducta
1295 3560 1597 3638 poemata
1624 3554 1733 3617 filo
1756 3579 1773 3629 ;

386 3685 534 3726 cum
563 3686 897 3748 speramus
929 3688 1009 3730 eo
1035 3688 1177 3731 rem
1206 3673 1549 3730 venturam
1578 3673 1676 3744 ut,
1707 3653 1900 3732 simul
1928 3675 2126 3753 atque

387 3775 671 3840 carmina
699 3779 994 3844 rescieris
1023 3801 1146 3843 nos
1174 3778 1446 3864 fingere,
1479 3778 1861 3843 commodus
1890 3780 2065 3843 ultro

388 3910 674 3953 arcessas
705 3897 774 3953 et
803 3912 1002 3976 egere
1031 3898 1218 3956 vetes
1249 3898 1317 3955 et
1346 3891 1630 3955 scribere
1662 3914 1897 3978 cogas:

390 4001 504 4064 sed
534 4008 752 4066 tamen
784 4010 887 4069 est
915 4026 1150 4089 operae
1180 4003 1463 4089 pretium
1495 4026 1913 4089 cognoscere,
1951 4006 2158 4093 qualis

2476 237 2605 300 359

2504 554 2605 587 210

2500 1118 2598 1164 2¹5

2410 3002 2420 3010 ’
2496 3026 2596 3060 220
