3109 4817
1077 191 1673 259 SERMONUM
1733 195 1769 258 I
1829 197 1869 258 5

354 367 437 431 ad
465 368 747 432 mediam
774 374 1037 433 noctem
1068 377 1343 454 expecto
1368 394 1384 432 ε
1439 391 1706 435 somnus
1737 376 1956 434 tamen
1985 371 2198 435 aufert

353 480 680 544 intentum
710 481 988 546 Veneri:
1035 488 1177 545 tum
1206 481 1524 546 inmundo
1555 483 1806 546 somnia
1833 482 1980 547 visu

352 601 737 658 nocturnam
765 601 1020 659 vestem
1047 595 1377 658 maculant
1404 601 1834 681 ventremque
1865 596 2192 681 supinum.

356 713 663 792 quattuor
690 707 844 770 hinc
871 706 1161 792 rapimur
1189 706 1431 793 viginti
1459 714 1530 772 et
1556 707 1737 770 milia
1764 709 1976 772 raedis
1979 756 1999 787 ,

354 819 641 883 mansuri
672 818 1002 904 oppidulo,
1036 818 1211 905 quod
1239 841 1437 883 versu
1468 819 1685 885 dicere
1714 843 1846 883 non
1879 828 2006 900 est,

356 932 563 1016 signis
597 932 902 1016 perfacile
934 939 1055 995 est.
1159 933 1345 996 venit
1372 931 1690 996 vilissima
1715 937 1935 996 rerum

354 1043 457 1108 hic
486 1067 691 1129 aqua3
738 1044 855 1109 sed
884 1044 1071 1129 panis
1098 1045 1296 1130 longe
1326 1045 1822 1130 pulcherrimus,
1855 1046 2026 1110 ultra

354 1157 623 1220 callidus
651 1163 731 1221 ut
758 1157 964 1221 soleat
992 1157 1234 1221 umeris
1264 1165 1525 1241 portare
1553 1157 1804 1222 viator:

352 1292 504 1332 nam
531 1268 769 1333 Canusi
796 1268 1148 1355 lapidosus,
1179 1292 1386 1355 aquae
1414 1292 1548 1333 non
1578 1269 1777 1333 ditior
1803 1293 1970 1333 urna

354 1381 466 1467 qui
492 1382 674 1446 locus
702 1405 740 1444 a
770 1381 921 1446 forti
952 1382 1267 1450 Diomede
1298 1389 1400 1446 est
1428 1382 1731 1446 conditus
1760 1382 1935 1446 olim.

356 1495 665 1559 flentibus
692 1494 846 1559 hinc
872 1493 1113 1559 Varius
1142 1495 1421 1559 discedit
1448 1502 1738 1559 maestus
1768 1495 2013 1558 amicis,

353 1606 505 1671 inde
541 1607 767 1671 Rubos
795 1607 951 1672 fessi
978 1607 1419 1692 pervenimus,
1451 1614 1681 1692 utpote
1711 1608 1983 1691 longum

352 1727 692 1805 carpentes
720 1720 849 1784 iter
876 1727 944 1784 et
972 1720 1216 1784 factum
1246 1720 1616 1804 corruptius
1644 1719 1860 1784 imbri.
1938 1789 1945 1798 ,

355 1839 617 1916 postera
644 1838 999 1917 tempestas
1028 1833 1279 1911 melior,
1310 1832 1426 1897 via
1447 1832 1632 1917 peior
1653 1832 1736 1895 ad
1767 1854 1977 1917 usque

357 1944 510 2007 Bari
538 1945 795 2008 moenia
823 1945 1081 2030 piscosi.
1182 1945 1335 2009 dein
1368 1945 1606 2009 Gnatia
1634 1945 1919 2058 lymphis

351 2056 535 2121 iratis
565 2063 862 2121 extructa
889 2050 1073 2122 dedit
1100 2057 1397 2143 risusque
1426 2045 1761 2143 iocosque,

362 2169 522 2232 dum
551 2169 811 2232 flamma
840 2162 979 2234 sine
1010 2164 1157 2234 tura
1184 2170 1539 2256 liquescere
1568 2170 1789 2234 limine
1820 2191 2002 2233 sacro

360 2282 751 2367 persuadere
781 2282 983 2367 cupit.
1084 2283 1307 2347 credat
1334 2282 1618 2346 Iudaeus
1647 2283 1905 2367 Apella,

363 2417 497 2458 non
528 2416 675 2480 ego,
779 2416 1060 2481 namque
1091 2394 1247 2459 deos
1277 2394 1474 2459 didici
1502 2417 1804 2460 securum
1831 2418 2028 2481 agere
2058 2417 2314 2473 aevum,

358 2528 481 2570 nec
512 2506 727 2592 siquid
755 2507 903 2570 miri
933 2507 1125 2571 faciat
1150 2514 1404 2586 natura,
1434 2507 1593 2572 deos
1621 2508 1691 2571 id

359 2619 578 2683 tristes
609 2641 691 2682 ex
719 2620 853 2682 alto
882 2620 1042 2683 caeli
1071 2620 1417 2684 demittere
1448 2626 1646 2684 tecte.

361 2730 783 2795 Brundisium
811 2733 1046 2818 longae
1074 2733 1223 2796 finis
1253 2734 1645 2818 chartaeque
1674 2733 1948 2820 viaeque
1979 2742 2100 2799 est.

2437 199 2563 262 249

2498 1188 2566 1236 90

2496 1748 2559 1796 95

2467 2311 2561 2344 100
