3109 4817
871 226 1002 289 DE
1085 226 1350 290 ARTE
1424 226 1883 292 POETICA
2366 227 2491 289 383

273 423 542 467 noscere
572 401 954 465 mendacem
984 422 1343 486 verumque
1373 402 1609 465 beatus
1638 403 1939 467 amicum.
2391 432 2457 478 42
2466 431 2493 479 ς

275 525 350 581 tu
371 538 486 579 seu
514 514 776 578 donaris
807 534 924 605 seu
955 513 1111 598 quid
1139 513 1386 577 donare
1414 514 1597 579 voles
1628 514 1756 592 cui,

277 628 480 691 nolito
509 626 594 690 ad
623 648 853 691 versus
883 624 1007 690 tibi
1036 625 1242 690 factos
1272 625 1509 689 ducere
1540 628 1807 711 plenum

278 739 600 804 laetitiae:
648 738 958 802 clamabit
985 738 1161 802 enim
1193 742 1214 773 ‘
1233 739 1523 823 pulchre,
1553 740 1747 817 bene,
1780 742 2010 818 recte’,

277 852 589 937 pallescet
617 872 814 936 super
839 850 967 930 his,
1001 852 1198 915 etiam
1229 851 1504 916 stillabit
1531 852 1755 917 amicis

280 986 362 1029 ex
391 964 592 1029 oculis
620 985 860 1042 rorem,
892 963 1102 1042 saliet,
1134 962 1374 1027 tundet
1401 965 1570 1048 pede
1600 972 1865 1030 terram.
2392 994 2501 1044 430

280 1085 357 1142 ut
385 1078 496 1163 qui
527 1077 831 1142 conducti
860 1078 1121 1162 plorant
1147 1077 1218 1139 in
1247 1076 1498 1156 funere,
1531 1077 1761 1142 dicunt

283 1197 352 1255 et
379 1190 626 1255 faciunt
654 1211 858 1274 prope
885 1191 1073 1274 plura
1101 1189 1474 1253 dolentibus
1505 1212 1589 1253 ex
1616 1192 1857 1269 anime,
1890 1192 1985 1255 sic

284 1302 536 1368 derisor
565 1323 724 1367 vero
755 1280 901 1387 plus
928 1301 1266 1365 laudatore
1294 1309 1619 1367 movetur.

283 1437 475 1501 reges
507 1414 816 1478 dicuntur
843 1414 1066 1479 multis
1097 1435 1332 1499 urgere
1363 1415 1617 1479 culullis

283 1535 353 1593 et
381 1536 688 1613 torquere
718 1547 899 1590 mero
931 1547 1124 1611 quem
1154 1526 1567 1611 perspexisse
1595 1528 1916 1608 laborant,
2392 1560 2458 1607 43
2470 1560 2496 1608 ς

282 1664 368 1705 an
397 1641 486 1705 sit
514 1639 798 1703 amicitia
826 1638 1104 1723 dignus:
1151 1640 1212 1702 si
1239 1640 1524 1703 carmina
1553 1642 1819 1719 condes»,

281 1774 640 1839 numquam
670 1759 736 1816 te
767 1752 994 1815 fallant
1021 1751 1221 1815 animi
1251 1753 1373 1815 sub
1403 1754 1603 1838 vulpe
1632 1756 1934 1818 latentes,

287 1865 601 1947 Quintilio
631 1863 845 1949 siquid
873 1862 1204 1941 recitares,
1237 1868 1258 1897 ‘
1286 1864 1543 1950 corrige
1579 1866 1770 1931 sodes

283 1979 438 2042 hoc’
469 1977 689 2041 aiebat
718 1980 740 2010 ‘
759 1982 828 2039 et
857 1976 1034 2041 hoc'.
1135 1976 1368 2041 melius
1399 1984 1466 2042 te
1497 1999 1689 2062 posse
1718 2001 1996 2064 negares

287 2091 391 2155 bis
421 2098 652 2175 terque
681 2095 1026 2175 expertum
1055 2089 1316 2168 frustra,
1347 2090 1569 2155 delere
1595 2092 1868 2156 iubebat
2394 2124 2501 2171 440

287 2211 359 2269 et
385 2205 552 2267 male
587 2209 881 2267 tornatos
907 2202 1131 2265 incudi
1158 2202 1432 2267 reddere
1459 2226 1711 2269 versus.

288 2318 348 2381 si
376 2316 727 2380 defendere
757 2314 1070 2379 delictum
1101 2336 1294 2399 quam
1323 2323 1584 2381 vertere
1613 2318 1839 2382 malles
1841 2367 1862 2397 ,

289 2430 542 2493 nullum
570 2428 742 2491 ultra
768 2429 1048 2493 verbum
1074 2434 1191 2491 aut
1224 2450 1488 2514 operam
1514 2430 1887 2495 insumebat
1912 2431 2195 2509 inanem,

294 2543 452 2628 quin
483 2540 624 2605 sine
652 2539 840 2605 rivali
870 2548 1068 2626 teque
1099 2547 1169 2604 et
1197 2547 1310 2604 tua
1339 2542 1515 2606 solus
1545 2564 1816 2607 amares.

289 2655 396 2719 vir
423 2656 634 2719 bonus
670 2660 741 2718 et
766 2654 1052 2739 prudens
1082 2675 1314 2719 versus
1343 2656 1781 2739 reprehendet
1806 2658 2075 2735 inerteS,
2397 2689 2499 2735 445

291 2768 588 2853 culpabit
616 2767 836 2846 duros,
866 2767 1219 2852 incomptis
1248 2769 1474 2832 allinet
1501 2776 1717 2831 atrum

293 2890 667 2947 transverso
697 2880 941 2944 calamo
973 2880 1258 2965 signum,
1290 2880 1637 2945 ambitiosa
1663 2883 1913 2947 recidet

293 3000 697 3073 ornamenta,
727 3015 959 3078 parum
987 2993 1176 3057 claris
1204 2995 1419 3058 lucem
1449 2993 1605 3057 dare
1636 3002 1855 3079 coget,

291 3113 530 3193 arguet
556 3106 863 3192 ambigue
893 3105 1164 3184 dictum,
1193 3105 1510 3170 mutanda
1535 3106 1817 3185 notabit,

292 3222 412 3285 fiet
439 3218 856 3285 Aristarchus
881 3244 896 3283 ε
941 3240 1078 3283 11011
1106 3217 1285 3282 dicet
1315 3223 1334 3252 ‘
1359 3240 1474 3281 cur
1503 3239 1631 3303 ego
1660 3218 1940 3281 amicum
2402 3250 2438 3295 4
2446 3248 2510 3295 50

300 3332 630 3398 offendam
656 3331 727 3396 in
756 3332 954 3417 nugis
974 3332 1035 3395 ἴθ’
1078 3332 1203 3394 hae
1230 3352 1450 3415 nugae
1481 3330 1651 3393 seria
1679 3332 1923 3393 ducent

295 3444 368 3507 in
397 3445 568 3507 mala
595 3444 882 3509 derisum
913 3444 1114 3508 semel
1145 3448 1621 3527 exceptumque
1652 3442 1934 3507 sinistre.

298 3564 377 3620 ut
403 3557 576 3620 mala
607 3578 800 3641 quem
830 3557 1081 3621 scabies
1109 3562 1227 3619 aut
1253 3555 1520 3619 morbus
1549 3554 1773 3641 regius
1804 3562 1999 3641 urget

299 3678 416 3736 aut
440 3672 758 3737 fanaticus
790 3694 974 3736 error
1002 3678 1072 3737 et
1097 3671 1410 3735 iracunda
1439 3670 1673 3750 Diana,

299 3806 619 3849 vesanum
647 3785 946 3869 tetigisse
977 3784 1216 3848 timent
1244 3782 1637 3867 fugiuntque
1667 3788 1926 3869 poetam
2407 3812 2444 3858 4
2451 3809 2510 3860 55

305 3896 418 3981 qui
447 3895 739 3980 sapiunt:
800 3895 1058 3979 agitant
1087 3894 1272 3979 pueri
1301 3894 1677 3979 incautique
1707 3901 2034 3958 secuntur.

303 4008 410 4072 hic
443 4006 602 4070 dum
633 4006 926 4070 sublimis
955 4028 1185 4071 versus
1215 4011 1508 4069 ructatur
1539 4012 1609 4069 et
1640 4013 1833 4083 errat,
