3109 4817
592 292 677 355 64

1468 274 1910 340 HORA'I'II

994 457 1258 543 paulum
1290 474 1554 517 severae
1585 472 1771 514 musa
1801 447 2178 533 tragoediae

996 569 1168 634 desit
1196 567 1504 631 theatris:
1555 584 1707 627 mox
1739 562 1854 626 ubi
1883 560 2176 645 publicas

996 705 1100 747 res
1132 679 1470 755 ordinaris,
1502 676 1752 762 grande
1781 695 2018 736 munus

1002 793 1315 877 Cecropio
1345 796 1605 875 repetes
1637 787 1980 863 cothurno,

995 907 1255 992 insigne
1285 904 1551 968 maestis
1583 899 1978 987 praesidium
2007 894 2136 961 reis

996 1029 1064 1085 et
1092 1018 1479 1095 consulenti,
1512 1015 1742 1091 Pollio,
1775 1012 2012 1088 curiae,

996 1134 1100 1198 cui
1127 1133 1346 1195 laurus
1375 1136 1676 1193 aeternos
1705 1126 1985 1188 honores

998 1243 1357 1309 Delmatico
1388 1241 1648 1326 peperit
1676 1235 2031 1320 triumpho,

990 1359 1120 1421 iam
1149 1378 1322 1421 nunc
1352 1353 1591 1416 minaci
1619 1371 1951 1415 murmure
1982 1368 2296 1411 cornuum

991 1467 1379 1556 perstringis
1409 1486 1621 1542 aures,
1651 1464 1782 1526 iam
1812 1461 1957 1525 litui
1993 1465 2315 1543 strepunt,

999 1584 1129 1646 iam
1160 1582 1379 1666 fulgor
1406 1599 1736 1641 armorum
1765 1573 2016 1659 fugacis

997 1701 1202 1760 terret
1231 1715 1433 1778 equos
1465 1691 1890 1778 equitumque
1919 1686 2163 1751 vultus,

998 1808 1222 1872 audire
1252 1827 1528 1890 magnos
1558 1804 1689 1866 iam
1721 1800 1950 1865 videor
1978 1799 2178 1861 duces

996 1943 1128 1986 non
1158 1920 1464 1983 indecoro
1495 1917 1765 2001 pulvere
1797 1911 2115 1988 sordidos,

1003 2042 1072 2098 et
1102 2039 1336 2097 cuncta
1367 2038 1687 2094 terrarum
1718 2026 1988 2089 subacta

1002 2152 1260 2231 praeter
1288 2152 1576 2208 atrocem
1606 2139 1895 2202 animum
1931 2134 2216 2199 Catonis,

1006 3257 1174 3320 Iuno
1206 3263 1274 3321 et
1302 3257 1571 3321 deorum
1606 3257 1897 3342 quisquis
1927 3257 2192 3320 amicior

1014 3369 1195 3433 Afris
1224 3369 1432 3433 inulta
1462 3377 1747 3432 cesserat
1773 3371 2100 3454 impotens

1010 3483 1263 3559 tellure,
1297 3482 1617 3545 victorum
1647 3490 1922 3566 nepotes

1009 3594 1267 3658 rettulit
1293 3595 1556 3657 inferias
1589 3595 1971 3679 Iugurthae.

1015 3706 1158 3792 quis
1193 3728 1323 3769 non
1358 3707 1594 3769 Latino
1628 3708 1946 3792 sanguine
1977 3706 2282 3791 pinguior

1009 3840 1276 3902 campus
1308 3819 1622 3904 sepulcris
1652 3820 1853 3904 impia
1882 3819 2126 3903 proelia

1012 3937 1293 3994 testatur
1320 3932 1744 4016 auditumque
1776 3932 1993 3996 Medis

1012 4042 1371 4127 Hesperiae
1402 4045 1700 4107 sonitum¹
1724 4044 1998 4108 ruinae?

2747 584 2809 617 10

2752 1150 2811 1195 ¹5

2748 1712 2819 1744 20

2752 3285 2814 3331 25

2760 3847 2823 3895 30
