3109 4817
682 170 809 233 224

1559 169 2010 258 HoR,AT11

1075 345 1261 428 plura
1289 342 1533 407 relictis
1559 369 1573 406 ι

1076 456 1166 534 di,
1198 456 1439 541 probos
1466 477 1683 519 mores
1713 456 1906 519 docili
1934 456 2263 534 iuventae,

1078 568 1169 646 di,
1196 567 1516 632 senectuti
1546 568 1837 652 placidae
1870 567 2178 652 quietem,

1077 681 1371 745 Romulae
1402 680 1589 765 genti
1617 680 1770 744 date
1800 701 2068 765 remque
2098 681 2476 766 prolemque

1082 801 1150 856 et
1179 794 1378 857 decus
1409 814 1602 856 omne
1623 817 1641 869 3

1076 927 1369 991 quaeque
1398 926 1518 968 vos
1548 905 1761 968 bobus
1790 912 2141 970 veneratur
2169 906 2338 970 albis

1075 1018 1284 1083 clarus
1313 1017 1641 1081 Anchisae
1671 1016 2078 1102 Venerisque
2110 1012 2408 1103 sangujs,'

1072 1130 1402 1224 impetret,
1434 1130 1720 1194 bellante
1750 1130 1949 1214 prior,
1980 1130 2305 1195 iacentem

1074 1243 1236 1307 lenis
1265 1242 1334 1306 in
1365 1243 1644 1306 hostem.

1070 1355 1199 1417 iam
1229 1356 1391 1417 mari
1421 1363 1723 1439 terraque
1754 1376 1983 1418 manus
2015 1363 2317 1439 potentes

1072 1468 1309 1532 Medus
1340 1468 1759 1551 Albanasque
1791 1467 1982 1531 timet
2011 1489 2309 1545 secures3

1072 1583 1201 1644 iam
1237 1581 1517 1665 Scythae
1547 1604 1860 1666 responsa
1889 1590 2146 1667 petunt,
2179 1585 2443 1668 superbi

1074 1717 1305 1778 nuper,
1338 1702 1407 1757 et
1436 1695 1607 1758 Indi.

1069 1808 1199 1870 iam
1232 1806 1426 1869 Fides
1458 1815 1526 1871 et
1556 1807 1693 1871 Pax
1723 1815 1791 1871 et
1821 1787 2050 1871 Honos
2082 1806 2430 1893 Pudorque

1072 1919 1320 2003 priscus
1352 1927 1420 1982 et
1447 1921 1753 2005 neglecta
1779 1920 1994 1984 redire
2022 1919 2253 1984 Virtus

1069 2031 1289 2110 audet,
1319 2040 1720 2117 apparetque
1750 2034 1942 2097 beata
1970 2033 2163 2117 pleno

1078 2143 1279 2228 Copia
1308 2166 1529 2209 cornu.

1067 3414 1277 3476 augur
1305 3398 1373 3454 et
1400 3392 1693 3476 fulgente
1724 3390 1996 3454 decorus
2025 3412 2177 3454 arcu

1066 3504 1369 3566 Phoebus
1399 3509 1832 3587 acceptusque
1863 3524 2097 3566 novem
2128 3504 2432 3583 cameniS,

1069 3616 1180 3701 qui
1210 3615 1473 3678 salutari
1502 3616 1679 3679 levat
1707 3622 1847 3679 arte
1877 3615 2082 3680 fessos

1064 3726 1349 3812 corporis
1377 3734 1578 3804 artus,

1066 3839 1121 3904 si
1150 3839 1475 3903 Palatinas
1502 3839 1689 3904 videt
1715 3862 1960 3925 aequus
1989 3863 2152 3918 araS,

1063 3973 1329 4037 remque
1358 3951 1716 4016 Romanam
1748 3952 2135 4038 Latiumque
2164 3953 2316 4018 felix

2826 488 2889 534 45

2809 1613 2866 1661 55

2799 2160 2857 2208 60
