3109 4817
593 150 722 215 234
1449 147 1901 213 HORATII

587 326 755 390 adde
785 326 914 390 huc
946 324 1119 411 quod
1149 343 1435 388 mercem
1463 324 1606 388 sine
1636 322 1801 388 fucis
1829 329 2089 408 gestat3
2134 329 2361 408 aperte

587 440 762 525 quod
789 440 1022 504 venale
1051 439 1252 503 habet
1281 437 1609 514 ostendit3
1660 459 1785 501 nec
1814 436 2030 522 siquid
2059 437 2323 501 honesti
2352 443 2475 515 est,

582 553 785 616 iactat
812 552 1140 636 habetque
1169 551 1406 636 pdam,
1440 550 1695 635 quaerit
1725 570 1854 635 quo
1882 549 2101 635 turpia
2128 549 2317 614 celet.
2734 563 2763 610 8
2772 577 2799 624 5

583 664 856 750 regibus
886 663 994 728 hic
1021 685 1166 727 mos
1195 669 1320 742 est,
1353 662 1468 728 ubi
1498 683 1701 748 equos
1731 668 2140 726 mercantur:
2187 669 2451 747 opertos

582 777 964 863 inspiciunt,
993 797 1080 840 ne
1109 775 1167 840 si
1196 775 1416 853 facies,
1447 781 1524 838 ut
1553 795 1771 859 saepe,
1802 774 2039 839 decora

583 889 766 954 molli
793 891 958 953 fulta
985 889 1154 974 pede
1185 895 1309 968 est,
1342 895 1709 972 emptorem
1735 887 2005 952 inducat
2030 887 2345 967 hiantem,

588 1002 762 1087 quod
791 1002 1100 1086 pulchrae
1129 1002 1374 1079 clunes,
1404 1000 1607 1064 breve
1639 999 1816 1084 quod
1844 1005 2062 1084 caput,
2092 999 2295 1064 ardua
2322 1000 2566 1067 cervix,

584 1115 708 1178 hoc
735 1113 832 1178 illi
858 1120 1072 1179 recte:
1117 1135 1203 1177 ne
1231 1112 1519 1197 corporis
1549 1111 1798 1197 optima
1826 1111 2073 1197 Lyncei
2732 1144 2803 1191 90

586 1228 1029 1312 contemplere
1060 1226 1286 1305 oculis,
1316 1225 1631 1310 Hypsaea
1658 1224 1911 1289 caecior
1937 1225 2049 1288 illa

590 1361 754 1425 quae
783 1340 953 1403 mala
981 1344 1137 1402 sunt
1165 1345 1445 1424 spectes.
1549 1341 1570 1372 ‘
1590 1359 1629 1402 o
1660 1359 1829 1416 crus,
1862 1359 1901 1402 o
1931 1337 2235 1402 bracchia
2251 1319 2307 1402 >1⁵
2353 1360 2585 1403 verum

587 1453 893 1539 depugis,
924 1459 1180 1531 nasuta,
1212 1451 1400 1516 brevi
1426 1452 1631 1515 latere
1660 1473 1735 1515 ac
1764 1451 1934 1537 pede
1961 1451 2163 1536 longo
2192 1457 2317 1516 est.

589 1573 924 1630 matronae
953 1571 1215 1650 praeter
1241 1564 1476 1628 faciem
1503 1563 1599 1628 nil
1632 1585 1901 1628 cernere
1929 1564 2166 1649 possis,

587 1685 828 1757 cetera,
856 1678 928 1741 ni
961 1676 1145 1741 Catia
1175 1683 1299 1756 est,
1329 1676 1614 1741 demissa
1640 1683 1828 1740 veste
1856 1676 2169 1761 tegentis.
2732 1708 2801 1755 95

590 1791 648 1856 si
673 1789 1025 1855 interdicta
1053 1796 1263 1875 petes,
1293 1791 1466 1854 vallo
1496 1789 1895 1854 circumdata
1936 1791 2114 1871 (nam
2144 1795 2213 1854 te

589 1904 714 1968 hoc
742 1903 898 1967 facit
925 1902 1290 1985 insanum),
1319 1903 1563 1967 multae
1592 1902 1716 1967 tibi
1747 1909 1889 1966 tum
1918 1902 2204 1967 officient
2230 1925 2357 1968 res,

591 2016 919 2094 custodes,
950 2015 1202 2094 lectica,
1233 2015 1593 2094 ciniflones,
1624 2015 1969 2100 parasitae,

589 2129 668 2193 ad
703 2130 869 2194 talos
899 2131 1068 2194 stola
1095 2129 1379 2194 demissa
1407 2136 1476 2193 et
1499 2128 1898 2194 circumdata
1923 2129 2115 2213 palla,

591 2242 890 2327 plurima,
924 2263 1090 2327 quae
1116 2242 1457 2307 invideant
1484 2263 1649 2327 pure
1676 2262 1989 2326 apparere
2020 2241 2144 2305 tibi
2171 2262 2331 2306 rem.
2704 2271 2807 2304 100

591 2354 817 2432 altera,
847 2356 940 2417 nil
972 2355 1230 2432 obstat3
1310 2353 1462 2420 Cois
1492 2355 1617 2419 tibi
1644 2376 1853 2440 paene
1882 2354 2109 2419 videre
2139 2360 2243 2418 est

593 2471 670 2530 ut
695 2466 963 2544 nudam,
992 2487 1078 2529 ne
1107 2488 1293 2531 crure
1322 2467 1515 2546 ma10,
1547 2487 1632 2542 ne
1663 2466 1751 2530 sit
1779 2465 1947 2551 pede
1976 2465 2154 2551 turpi
2175 2491 2197 2543 3

593 2578 810 2642 metiri
839 2579 1050 2664 possis
1082 2580 1269 2644 oculo
1296 2581 1489 2644 latus,
1592 2601 1677 2642 an
1708 2579 1832 2643 tibi
1858 2579 2069 2643 mavis

590 2690 860 2755 insidias
888 2691 1030 2754 fieri
1059 2691 1476 2777 pretiumque
1505 2691 1773 2757 avellier
1800 2697 1953 2756 ante

592 2823 786 2887 quam
814 2825 1098 2868 mercem
1128 2804 1436 2869 ostendi?
1486 2806 1815 2889 ‘leporem
1843 2811 2119 2870 venator
2146 2811 2223 2869 ut
2251 2805 2383 2869 alta
2704 2835 2766 2869 ιο
2782 2836 2806 2883 5
2856 2793 2873 2808 ⁹

588 2916 660 2978 in
687 2915 843 2980 nive
875 2923 1183 2995 sectetur,
1214 2916 1502 3002 positum
1531 2917 1626 2981 sic
1656 2924 1931 3002 tangere
1959 2917 2154 2982 nolit'

591 3033 835 3106 cantat,
867 3035 936 3092 et
964 3028 1237 3113 adponit
1272 3034 1292 3063 ‘
1309 3051 1495 3094 meus
1527 3037 1631 3094 est
1657 3050 1839 3092 amor
1866 3029 2018 3093 huic
2048 3030 2314 3095 similis:
2359 3053 2512 3094 nam

591 3140 954 3205 transvolat
981 3141 1053 3204 in
1081 3140 1299 3205 medio
1329 3141 1544 3227 posita
1574 3148 1643 3206 et
1670 3141 1993 3226 fugientia
2019 3144 2271 3228 captat'
2280 3193 2295 3208 .

591 3253 840 3318 hiscine
867 3253 1207 3318 versiculis
1236 3276 1460 3339 speras
1490 3254 1616 3319 tibi
1644 3276 1837 3339 posse
1866 3254 2124 3319 dolores

591 3373 788 3450 atque
817 3372 1037 3430 aestus
1066 3389 1381 3452 curasque
1410 3367 1633 3452 gravis
1665 3388 1701 3430 e
1733 3374 1998 3451 pectore
2028 3367 2218 3432 tolli?
2708 3399 2726 3432 ι
2746 3400 2814 3434 ιο

590 3499 832 3556 nonne,
863 3477 1280 3563 cupidinibus
1311 3485 1559 3544 statuat
1586 3486 1823 3543 natura
1851 3479 2119 3544 modum
2150 3501 2367 3565 quem,

594 3590 749 3676 quid
779 3592 1010 3669 latura,
1043 3591 1170 3655 sibi
1202 3591 1358 3677 quid
1389 3591 1477 3656 sit
1505 3591 1790 3656 dolitura
1817 3598 2157 3677 negatum,

594 3724 901 3788 quaerere
930 3703 1077 3788 plus
1107 3703 1375 3788 prodest
1405 3711 1474 3769 et
1499 3704 1694 3768 inane
1720 3703 2103 3770 abscindere
2132 3705 2365 3770 soldo?

591 3839 774 3892 num,
807 3815 930 3880 tibi
958 3838 1107 3879 cum
1137 3815 1354 3881 fauces
1385 3817 1518 3881 urit
1545 3816 1715 3896 sitis,
1746 3837 1943 3880 aurea
1972 3817 2227 3901 quaeris

593 3929 822 4012 pocula
851 3931 876 3990 ?
923 3951 1080 3992 num
1112 3930 1401 3994 esuriens
1429 3930 1685 3994 fastidis
1717 3929 1933 3992 omnia-
1962 3937 2223 4012 praeter
2714 3962 2731 3994 ι
2753 3963 2772 3996 ι
2790 3965 2820 4012 5
