3109 4817
532 184 656 250 276
1411 183 1876 250 HORATII

532 361 617 424 ad
646 360 935 423 medium
964 361 1171 423 fracta
1200 366 1325 437 est,
1357 359 1571 423 aliena
1597 359 1868 446 negotia
1897 380 2074 436 cure,

534 494 847 538 excussus
876 473 1178 558 propriiS.
1284 473 1439 536 olim
1472 495 1628 536 nam
1659 493 1968 558 quaerere
1997 470 2316 549 amabam,
2686 499 2752 532 20

542 611 671 676 quo
700 591 886 655 vafer
913 589 1023 654 ille
1057 590 1260 675 pedes
1289 589 1562 654 lavisset
1595 589 1916 674 Sisyphus
1949 610 2121 666 aere,

538 703 693 788 quid
726 703 1054 788 sculptum
1083 702 1363 781 infabre,
1398 702 1553 788 quid
1585 703 1800 766 fusum
1831 702 2056 766 durius
2087 707 2298 778 esset3

542 816 816 880 callidus
844 816 997 879 huic
1028 815 1218 900 signo
1247 815 1572 900 ponebam
1601 815 1780 878 milia
1807 821 2108 891 centum3

536 929 764 994 hortos
794 928 1227 1014 egregiasque
1257 928 1486 992 domos
1516 928 1864 992 mercarier
1890 951 2059 992 unus

542 1064 691 1106 cum
719 1043 899 1106 lucro
929 1063 1197 1118 noram;
1240 1040 1417 1104 unde
1447 1040 1814 1126 frequentia
1844 1040 2232 1105 Mercuriale
2691 1067 2719 1098 2
2731 1067 2756 1112 ς

538 1158 906 1241 imposuere
936 1154 1099 1217 mihi
1128 1176 1403 1239 cognom
1411 1175 1493 1218 en
1525 1153 1812 1238 compita
1827 1155 1872 1219 ’.
1973 1153 2152 1230 novi,

542 1276 611 1334 et
645 1268 845 1332 miror
872 1267 1085 1331 morbi
1114 1274 1469 1352 purgatum
1498 1274 1566 1331 te
1597 1267 1794 1331 illius,
1900 1271 1920 1300 ‘
1939 1266 2124 1351 atqui

541 1381 790 1446 emovit
819 1387 1112 1444 veterem
1141 1378 1307 1442 mire
1335 1401 1570 1458 nOVUS,
1603 1385 1679 1443 ut
1707 1380 1896 1457 solet,
1927 1378 1998 1441 in
2028 1401 2140 1442 cor

540 1493 811 1558 traiecto
840 1492 1061 1556 lateris
1091 1491 1313 1555 miseri
1343 1492 1660 1577 capitisve
1691 1492 1952 1568 dolore3

543 1615 619 1671 ut
646 1605 1045 1691 lethargicus
1075 1605 1203 1682 hic,
1236 1627 1385 1668 cum
1414 1605 1493 1669 fit
1521 1605 1708 1690 pugil
1739 1612 1807 1668 et
1834 1604 2161 1668 medicum
2191 1605 2438 1688 urget'.
2696 1630 2759 1677 30

550 1721 708 1784 dum
738 1741 822 1783 ne
854 1717 1011 1804 quid
1041 1717 1251 1781 simile
1280 1718 1453 1794 huic,
1487 1725 1630 1782 esto
1661 1725 1736 1782 ut
1763 1718 1947 1782 libet.
2040 1721 2060 1750 ‘
2086 1738 2124 1780 0
2153 1717 2347 1794 bone,
2378 1736 2462 1778 ne
2493 1721 2559 1778 te

544 1832 892 1896 frustmre:
937 1830 1183 1894 insanis
1214 1837 1283 1894 et
1313 1836 1388 1895 tu
1416 1830 1731 1916 stultique
1760 1850 1963 1915 prope
2000 1850 2247 1906 omnen,

549 1944 766 2030 siquid
801 1943 1152 2010 Stertinius
1185 1943 1328 2007 veri
1356 1951 1602 2029 crepat,
1634 1943 1810 2007 unde
1841 1963 1966 2028 ego
1995 1942 2160 2004 mira

546 2057 863 2142 descripsi
897 2057 1123 2121 docilis
1153 2063 1500 2141 praecepta
1528 2057 1712 2135 haec,
1744 2063 2038 2140 tempore
2070 2075 2200 2140 quo
2229 2075 2335 2116 me

548 2170 794 2234 solatus
823 2169 1017 2233 iussit
1046 2169 1409 2254 sapientem
1438 2191 1706 2254 pascere
1735 2168 2006 2233 barbam
2700 2193 2724 2240 3
2737 2193 2762 2239 5

551 2289 749 2368 atque
779 2304 819 2344 a
849 2281 1150 2345 Fabricio
1179 2303 1314 2344 non
1346 2281 1606 2346 tristem
1635 2288 1837 2366 ponte
1866 2279 2131 2345 reverti.

550 2417 726 2473 nam,
757 2395 927 2457 male
957 2417 1029 2458 re
1059 2402 1271 2479 gesta,
1302 2417 1451 2458 cum
1480 2395 1718 2459 vellem
1747 2394 2010 2458 mittere
2045 2397 2272 2477 operto

551 2529 657 2570 me
688 2507 902 2592 capite
930 2506 1000 2570 in
1031 2507 1297 2586 flumen,
1328 2507 1564 2571 dexter
1593 2507 1780 2572 stetit
1809 2513 1878 2570 et
1908 2511 1951 2540 “
1972 2528 2130 2570 cave
2159 2505 2326 2568 faxis

553 2626 620 2683 te
654 2619 1001 2704 quicquam
1028 2617 1415 2703 indignum:
1464 2620 1728 2705 pudor”
1759 2619 1977 2704 inquit
2013 2624 2057 2653 “
2075 2626 2142 2682 te
2171 2619 2379 2682 malus
2408 2618 2618 2703 angit,

552 2732 818 2796 insanos
851 2731 963 2816 qui
990 2731 1165 2794 inter
1192 2753 1459 2796 vereare
1490 2731 1758 2796 insanus
1786 2731 2034 2796 haberi.
2697 2759 2767 2807 40

556 2844 839 2929 primum
868 2865 1021 2907 nam
1049 2844 1373 2930 inquiram
1407 2844 1564 2930 quid
1597 2844 1684 2908 sit
1711 2844 1960 2908 furere:
2005 2845 2129 2908 hoc
2160 2844 2217 2908 si
2246 2844 2373 2908 erit
2399 2845 2470 2908 in
2499 2851 2568 2908 te

554 2958 716 3036 s010,
748 2956 843 3019 nil
872 2957 1081 3036 verbi,
1113 2978 1341 3041 pereas
1374 2957 1530 3042 quin
1559 2957 1837 3035 fortiter,
1869 2957 2124 3021 addam.

560 3091 755 3156 quem
785 3070 955 3133 mala
985 3069 1265 3134 stultitia
1296 3075 1364 3133 et
1396 3091 1870 3155 quemcumque
1899 3069 2158 3134 inscitia
2185 3069 2324 3134 veri

555 3203 819 3246 caecum
849 3182 1011 3267 agit,
1048 3183 1350 3248 insanum
1385 3181 1737 3267 Chrysippi
1766 3182 2054 3267 porticus
2087 3189 2154 3246 et
2183 3205 2348 3268 grex

554 3301 872 3359 autumat.
961 3295 1122 3358 haec
1152 3295 1450 3380 populos,
1483 3295 1644 3359 haec
1675 3316 1950 3380 magnos
1981 3295 2256 3358 formula
2283 3318 2498 3382 regeS,
2701 3297 2770 3372 4⁵5

554 3415 830 3493 excepto
862 3407 1177 3492 sapiente,
1210 3415 1415 3472 tenet.
1518 3430 1693 3471 nunc
1725 3408 1966 3493 accipe,
2004 3430 2202 3492 quare

550 3521 880 3606 desipiant
909 3541 1135 3584 omnes
1166 3543 1372 3606 aeque
1400 3544 1478 3601 ac
1508 3527 1606 3599 tu,
1642 3521 1754 3606 qui
1786 3520 1911 3585 tibi
1941 3543 2182 3584 nomen

552 3634 784 3699 insano
819 3655 1115 3718 posuere.
1220 3635 1405 3697 velut
1435 3634 1638 3711 silvis,
1673 3632 1788 3696 ubi
1817 3633 2060 3718 passim

554 3748 849 3832 palantes
882 3768 1059 3809 error
1088 3753 1267 3810 certo
1296 3747 1379 3810 de
1409 3747 1668 3810 tramite
1699 3746 1907 3832 pellit,

552 3859 663 3923 ille
696 3860 1162 3938 sinistrorsum,
1194 3859 1301 3922 hic
1331 3859 1740 3923 dextrorsum
1775 3860 1939 3938 abit,
1971 3883 2139 3924 unus
2169 3859 2428 3945 utrique
2709 3889 2772 3936 50

554 3993 757 4049 error,
792 3971 907 4035 sed
937 3971 1133 4035 variis
1163 3971 1381 4035 illudit
1408 3971 1704 4056 partibus
1725 3998 1744 4048 ;
1790 3972 1914 4035 hoc
1945 3979 2011 4035 te
