3109 4817
1098 199 1690 265 SERMONUM
1751 201 1837 264 II
1897 204 1935 266 3
2489 204 2610 267 281

396 379 567 443 latus
598 385 674 442 ut
702 377 770 440 in
803 377 973 441 circo
1002 377 1283 461 spatiere
1314 383 1383 441 et
1418 397 1658 441 aeneus
1689 381 1766 440 ut
1795 385 1952 456 stes,

399 492 613 555 nudus
644 491 844 576 agris,
874 490 1093 554 nudus
1119 489 1426 567 nummis,
1456 489 1708 568 insane,
1739 490 2080 574 paternis?

401 605 648 669 scilicet
677 610 753 668 1115
780 603 1045 688 plausus
1076 623 1239 688 quos
1269 602 1399 666 fert
1426 601 1732 687 Agrippa
1759 603 1928 667 feras
1958 609 2054 680 tu,
2517 621 2614 683 183

400 724 618 782 astuta
645 718 1008 801 ingenuum
1036 717 1269 800 vulpes
1298 715 1555 778 imitata
1582 715 1895 779 leonem'.

400 851 485 894 ne
516 829 659 916 quis
689 829 992 892 humasse
1020 828 1184 892 velit
1212 828 1504 906 Aiacem,
1536 827 1796 905 Atrida,
1829 834 2015 892 vetas
2046 829 2212 892 cur?

403 949 421 978 ‘
443 967 561 1008 rex
592 943 791 1008 sum'.
893 941 987 1006 nil
1018 944 1187 1005 ultra
1218 962 1458 1026 quaero
1487 941 1806 1026 plebeius,
1905 946 1928 976 ‘
1951 949 2022 1006 et
2048 963 2324 1028 aequam

400 1079 537 1120 rem
566 1055 895 1141 imperito,
927 1077 1003 1118 ac
1034 1055 1092 1119 si
1120 1054 1224 1118 cui
1253 1054 1485 1118 videor
1512 1076 1647 1118 11011
1677 1054 1912 1133 iustuS,
1942 1054 2152 1119 inulto

399 1170 615 1234 dicere
646 1168 821 1255 quod
850 1167 1055 1232 sentit
1082 1167 1438 1252 permitto’.
1534 1167 1818 1231 man‘me
1847 1190 2103 1253 regum,
2517 1198 2612 1247 190

397 1281 464 1344 di
496 1281 619 1344 tibi
647 1282 809 1345 dent
836 1287 1028 1366 capta
1055 1281 1329 1344 classem
1355 1279 1714 1344 redducere
1743 1279 1954 1345 Troia.

399 1417 557 1480 crgo
587 1396 926 1459 consulere
957 1400 1026 1458 et
1054 1415 1207 1457 mox
1236 1393 1634 1478 respondere
1662 1393 1938 1459 licebit?

400 1513 419 1542 ‘
438 1508 758 1573 consule'.
861 1530 977 1572 cur
1004 1507 1177 1570 Aiax
1206 1508 1400 1571 heros
1429 1508 1513 1571 ab
1543 1508 1803 1572 Achille
1833 1508 2156 1574 secundus

396 1621 703 1706 putescit,
734 1620 976 1684 totiens
1008 1619 1285 1684 servatis
1314 1620 1523 1684 clarus
1554 1620 1878 1685 Achivis?

395 1733 679 1818 gaudeat
707 1739 784 1797 ut
809 1733 1089 1818 populus
1120 1732 1366 1796 Priami
1394 1731 1822 1818 Priamusque
1851 1734 2189 1798 inhumato
2192 1784 2211 1813 ,
2510 1766 2570 1815 ¹9
2580 1765 2606 1814 ς

394 1868 513 1930 per
544 1868 736 1931 quem
767 1854 869 1911 tot
894 1847 1167 1910 iuvenes
1199 1846 1410 1930 patrio
1440 1867 1706 1910 caruere
1737 1848 2033 1932 sepulcro
2064 1849 2091 1911 Ρ

397 1963 417 1992 ‘
436 1957 611 2022 mille
642 1959 863 2022 ovium
890 1959 1157 2022 insanus
1188 1959 1386 2022 morti
1415 1958 1622 2037 dedit,
1657 1959 1956 2024 inclitum
1987 1959 2229 2024 Ulixen

397 2079 466 2135 et
496 2072 871 2136 Menelaum
899 2093 1031 2135 una
1058 2061 1323 2135 mecum
1346 2093 1417 2135 se
1448 2071 1744 2136 occidere
1773 2072 2114 2136 clamans'.

397 2189 470 2246 tu
498 2206 645 2247 cum
674 2206 794 2269 pro
822 2183 1031 2248 vitula
1058 2183 1292 2248 statuis
1321 2183 1580 2247 dulcem
1609 2183 1850 2247 Aulide
1883 2190 2105 2248 natam

394 2303 547 2360 ante
576 2319 718 2360 aras
750 2296 1134 2382 spargisque
1163 2296 1335 2358 mola
1364 2302 1582 2380 caput,
1611 2297 1933 2380 improbe,
1965 2297 2154 2376 salsa,
2504 2330 2605 2364 200

393 2416 644 2473 rectum
672 2409 873 2472 81111111
902 2409 1173 2473 servas?
1223 2410 1582 2493 quorsum?
1627 2409 1894 2473 insanus
1927 2410 2085 2495 quid
2115 2411 2291 2475 enim
2319 2413 2490 2476 Aiax

392 2521 567 2600 fecit,
600 2543 748 2586 cum
777 2522 1013 2585 stravit
1041 2521 1209 2584 ferro
1239 2523 1489 2606 pecus?
1535 2521 1856 2586 abstinuit
1881 2523 2020 2587 vim

394 2655 595 2697 uxore
627 2642 694 2698 et
721 2640 962 2719 gnato:
1007 2634 1178 2696 mala
1203 2635 1411 2698 multa
1438 2641 1742 2718 precatus
1773 2635 2028 2700 Atridis

391 2768 523 2810 non
552 2747 661 2810 ille
690 2754 804 2810 aut
832 2747 1155 2810 Teucrum
1183 2754 1299 2810 aut
1324 2747 1541 2832 ipsum
1571 2747 1848 2812 violavit
1876 2747 2140 2816 Ulixen.

395 2865 413 2892 ‘
433 2882 661 2924 verum
690 2881 817 2946 ego
846 2867 923 2924 ut
948 2860 1292 2924 haerentes
1322 2861 1599 2926 adverso
1627 2861 1818 2925 litore
1846 2862 2034 2928 navis
2503 2896 2570 2929 20
2577 2897 2603 2944 ς

394 2972 709 3056 eriperem
738 2972 1027 3058 prudens
1058 2973 1311 3057 placavi
1340 2973 1661 3058 sanguine
1691 2973 1877 3038 divos
1895 2975 1940 3038 '.

391 3108 628 3172 nempe
658 3094 796 3166 tuo,
826 3087 1089 3151 furiose.
1196 3092 1216 3121 ‘
1238 3109 1409 3166 mec,
1442 3087 1561 3150 sed
1589 3108 1725 3150 non
1753 3086 2089 3151 furiosus’.

393 3203 412 3232 ‘
435 3200 547 3284 qui
576 3201 825 3284 species
856 3199 1013 3263 alias
1041 3198 1185 3264 veri
1214 3199 1606 3283 scelerisque
1642 3199 1928 3261 tumultu

391 3311 745 3396 permixtas
776 3312 1011 3397 capiet,
1044 3317 1407 3375 commotus
1438 3310 1809 3388 habebitur,
1841 3317 2037 3394 atque

390 3423 751 3488 stultitiane
782 3432 956 3489 erret
981 3423 1260 3487 nihilum
1290 3422 1565 3486 distabit
1591 3444 1676 3484 an
1705 3422 1822 3485 ira.
2501 3456 2600 3489 ²10

388 3535 561 3598 Aiax
589 3558 739 3599 cum
768 3534 1107 3600 inmeritos
1138 3533 1377 3598 occidit
1406 3532 1651 3618 desipit
1679 3553 1924 3617 agnos:

387 3669 537 3711 cum
566 3648 853 3733 prudens
884 3649 1093 3712 scelus
1124 3647 1207 3711 ob
1239 3646 1465 3710 titulos
1495 3645 1791 3710 admittis
1819 3645 2070 3724 inanes,

386 3767 519 3824 stas
548 3759 787 3839 anime,
820 3766 889 3824 et
915 3783 1152 3845 purum
1182 3767 1285 3824 est
1311 3757 1475 3824 vitio
1511 3759 1655 3837 tibi,
1687 3779 1836 3821 cum
1865 3757 2188 3823 tumidum
2217 3767 2320 3824 est
2349 3763 2510 3826 cor?

386 3872 588 3957 siquis
616 3872 847 3937 lectica
874 3873 1151 3937 nitidam
1180 3879 1443 3957 gestare
1472 3879 1650 3935 amet
1676 3893 1938 3956 agnam,

385 3987 535 4050 111110
564 3993 841 4065 vestem,
874 3994 951 4052 ut
978 3994 1243 4073 gnatae,
1275 3993 1463 4073 paret
1492 3986 1782 4065 ancillas,
1813 3993 2002 4071 paret
2029 4009 2280 4065 aurum,
2498 4020 2556 4054 υ
2571 4021 2595 4067 5
