3109 4817
1009 278 1761 345 EPISTULARUM
1837 283 1909 347 II
1974 284 2003 346 1
2472 287 2595 352 357

397 452 720 517 Tellurem
749 476 967 539 porco,
1005 453 1343 519 Silvanum
1371 456 1540 520 lacte
1569 456 1861 541 piabant,

397 565 662 653 floribus
693 574 763 631 et
791 568 946 631 vino
967 567 1258 639 Genium
1288 590 1644 633 memorem
1673 568 1893 634 brevis
1924 571 2087 635 aevi.

319 671 387 725 ‘⁴2
397 678 803 744 Fescennina
829 703 948 765 per
976 681 1150 772 hunc
1177 680 1450 775 inventa
1477 682 1743 746 licentia
1769 703 2018 747 morem
2504 715 2597 763 ¹45

394 792 690 857 versibus
718 793 987 859 alternis
1016 794 1366 883 obprobria
1393 794 1635 885 rustica
1662 794 1853 874 fudit,

393 904 789 992 libertasque
817 912 1226 971 recurrentes
1257 915 1525 991 accepta
1553 928 1673 991 per
1700 891 1907 972 annos

394 1018 550 1081 lusit
576 1018 962 1097 amabiliter,
995 1019 1200 1083 donec
1231 1020 1360 1083 iam
1392 1041 1625 1084 saevus
1652 1029 1956 1105 apertam,
1971 1062 1991 1080 Ι
2032 1006 2041 1015 ’

394 1130 464 1195 in
493 1132 741 1196 rabiem
771 1132 989 1217 coepit
1016 1132 1187 1196 verti
1217 1134 1396 1198 iocu's
1426 1139 1496 1197 et
1524 1156 1643 1219 per
1671 1135 1981 1199 honestas

395 1245 492 1309 ire
521 1244 749 1308 domos
776 1245 1024 1331 inpune
1051 1246 1296 1311 minax.
1400 1246 1666 1311 doluere
1697 1254 1969 1312 cruento
2504 1282 2522 1315 ι
2538 1282 2601 1329 50

397 1358 595 1422 dente
628 1356 944 1422 lacessiti:
999 1358 1125 1421 fuit
1150 1358 1414 1423 intactis
1447 1381 1707 1444 quoque
1738 1382 1891 1423 cura

395 1472 772 1535 condicione
803 1493 1000 1555 super
1029 1472 1390 1536 communi:
1443 1472 1599 1557 quin
1630 1473 1826 1536 etiam
1856 1474 1963 1536 lex

393 1606 730 1670 poenaque
758 1585 912 1663 lata,
943 1584 1114 1648 malo
1145 1606 1310 1669 quae
1339 1586 1544 1649 nollet
1573 1586 1857 1649 carmine
1889 1606 2277 1671 quemquam

395 1695 695 1761 describi.
797 1704 1057 1761 vertere
1087 1697 1376 1776 modum,
1407 1697 1754 1762 formidine
1785 1698 1977 1762 fustis

392 1809 475 1872 ad
504 1810 673 1873 bene
701 1788 1050 1875 dicendum
1079 1809 1663 1895 delectandumque
1692 1810 1957 1876 redacti.
2504 1846 2521 1877 ι
2539 1846 2599 1892 55

396 1922 662 1987 Graecia
689 1930 879 2007 capta
906 1923 1116 1987 ferum
1144 1922 1461 1987 victorem
1491 1924 1668 2011 cepit
1698 1930 1766 1987 et
1793 1931 1969 1988 artes

391 2034 612 2099 intulit
639 2036 884 2121 agresti
915 2035 1126 2099 Latio.
1231 2035 1324 2099 sio
1354 2036 1657 2099 horridus
1685 2036 1794 2100 ille

392 2148 668 2212 defluxit
698 2170 1007 2213 numerus
1043 2148 1384 2214 Saturnius
1416 2155 1485 2212 et
1513 2170 1717 2233 grave
1748 2148 1929 2212 virus

393 2260 750 2326 munditiae
781 2262 1126 2346 pepulere:
1173 2261 1290 2324 sed
1319 2261 1388 2323 in
1416 2262 1690 2345 longum
1720 2268 1943 2325 tamen
1971 2284 2205 2326 aevum

393 2383 772 2441 manserunt
800 2376 1123 2461 hodieque
1154 2384 1422 2440 manent
1449 2377 1733 2460 vestigia
1758 2377 1949 2441 ruris.
2499 2388 2594 2437 160

395 2510 575 2552 serus
605 2487 780 2553 enim
811 2488 1072 2553 Graecis
1101 2489 1396 2553 admovit
1423 2489 1722 2552 acumina
1750 2489 2014 2567 chartiS,

394 2608 462 2666 et
491 2609 642 2687 post
670 2601 916 2665 Punica
943 2602 1114 2665 bella
1145 2603 1404 2687 quietus
1435 2624 1743 2687 quaerere
1773 2603 2011 2687 coepit,

395 2714 550 2799 quid
585 2714 938 2800 Sophocles
969 2722 1039 2778 et
1065 2715 1340 2799 Thespis
1371 2722 1439 2779 et
1467 2714 1833 2800 Aeschylus
1862 2716 2021 2780 utile
2052 2716 2317 2781 ferrent.

392 2827 741 2912 temptavit
771 2850 1029 2913 quoque
1057 2850 1218 2906 rem,
1251 2828 1308 2891 si
1337 2827 1537 2913 digne
1568 2834 1825 2893 vertere
1854 2836 2099 2914 posset,

394 2948 461 3004 et
488 2942 732 3025 placuit
761 2941 887 3005 sibi
915 2948 1148 3004 natura
1178 2941 1472 3005 sublimis
1504 2948 1574 3004 et
1601 2964 1785 3005 acer:
2500 2960 2556 3005 16
2570 2972 2594 3020 ς

393 3075 540 3116 nam
572 3054 778 3139 spirat
804 3054 1129 3138 tragicum
1159 3053 1316 3117 satis
1347 3061 1416 3116 et
1445 3052 1723 3117 feliciter
1750 3054 1972 3131 audet,

391 3166 504 3229 sed
534 3174 794 3251 turpem
822 3174 1012 3252 putat
1037 3165 1272 3229 inscite
1300 3165 1666 3249 metuitque
1694 3166 1976 3228 lituram.

390 3279 696 3359 creditur,
728 3302 810 3343 ex
840 3278 1054 3342 medio
1088 3278 1238 3363 quia
1268 3298 1371 3340 res
1401 3278 1693 3354 arcessit,
1726 3277 1970 3340 habere

392 3392 644 3456 sudoris
674 3392 1036 3469 minimum,
1069 3390 1186 3455 sed
1215 3391 1416 3453 habet
1445 3388 1779 3452 comoedia
1807 3396 1994 3452 tanto

390 3506 534 3589 plus
566 3506 800 3583 oneris,
835 3512 1078 3591 quanto
1107 3502 1337 3568 veniae
1370 3503 1605 3566 minus.
1708 3502 1947 3587 aspice,
1981 3502 2251 3565 Plautus
2494 3534 2589 3577 170

394 3640 519 3702 quo
549 3626 740 3703 pacto
771 3618 974 3703 partis
1005 3624 1259 3681 tutetur
1286 3615 1567 3679 amantis
1599 3614 1859 3700 ephebi,

389 3738 465 3794 ut
493 3732 696 3816 patris
725 3732 984 3808 attenti,
1017 3730 1268 3794 lenonis
1297 3735 1373 3792 ut
1401 3727 1719 3803 insidiosi,

387 3851 666 3927 quantus
696 3846 782 3908 sit
811 3844 1190 3907 Dossennus
1221 3842 1528 3906 edacibus
1558 3840 1628 3903 in
1657 3841 1960 3925 parasitis
1966 3890 1985 3919 ,

389 3977 580 4039 quam
609 3978 743 4019 non
772 3955 1084 4019 adstricto
1113 3960 1447 4039 percurrat
1475 3954 1728 4038 pulpita
1757 3974 1963 4016 socco,

387 4068 591 4151 gestit
619 4067 792 4132 enim
823 4090 1160 4131 nummum
1189 4066 1259 4129 in
1289 4066 1535 4130 loculos
1564 4064 1932 4143 demittere,
1966 4073 2116 4149 post
2144 4065 2267 4127 hoe
2492 4098 2585 4145 ¹75
