3109 4817
600 211 728 274 220

1455 209 1938 274 'HORA'PII

1001 384 1131 449 tuis
1159 385 1430 470 capillus
1460 385 1649 448 albus
1681 392 1785 449 est
1814 385 2143 463 odoribus,

996 497 1246 560 nullum
1277 519 1317 560 a
1343 498 1566 561 labore
1596 519 1701 560 me
1731 498 2005 561 reclinat
2034 497 2279 574 otium;

995 616 1193 695 urget
1221 609 1395 673 diem
1424 631 1558 672 nox
1589 618 1658 674 et
1692 609 1831 673 dies
1861 618 2146 688 noctem,
2178 631 2392 695 neque
2424 615 2527 672 est

994 723 1210 787 levare
1243 729 1427 786 tenta
1457 722 1693 808 spiritu
1721 723 2117 807 praecordia.

999 857 1157 920 ergo
1185 842 1501 920 negatum
1531 835 1760 899 vincor
1788 842 1865 899 ut
1893 836 2153 900 credam
2184 836 2403 913 miser,

1001 949 1256 1014 Sabella
1285 956 1514 1032 pectus
1543 947 1879 1034 increpare
1910 948 2218 1026 carmina,

993 1067 1318 1145 caputque
1348 1061 1571 1124 Marsa
1600 1061 1878 1125 dissilire
1908 1063 2122 1126 nenia.

995 1175 1151 1260 quid
1180 1175 1457 1260 amplius
1487 1177 1640 1240 vis?
1690 1199 1728 1240 o
1757 1198 1935 1240 mare
1967 1184 2036 1241 et
2065 1183 2259 1253 terra,
2292 1174 2486 1238 ardeo

996 1295 1311 1374 quantum
1340 1311 1554 1374 neque
1586 1297 1729 1352 atro
1760 1289 2090 1353 delibutus
2122 1288 2441 1352 Hercules

992 1401 1189 1465 Nessi
1219 1424 1446 1466 cruore
1475 1424 1599 1464 nec
1635 1401 1867 1466 Sicana
1895 1401 2147 1465 fervida

993 1513 1212 1578 virens
1241 1515 1310 1576 in
1341 1515 1563 1578 Aetna
1591 1513 1887 1577 flamma:
1937 1520 2032 1591 tu,
2065 1513 2273 1576 donec
2305 1511 2465 1575 cinis

991 1626 1317 1690 iniuriosis
1347 1626 1567 1690 aridus
1597 1627 1814 1691 ventis
1844 1627 2036 1705 ferar,

991 1740 1184 1816 cales,
1215 1739 1488 1802 venenis
1519 1739 1775 1803 officina
1809 1739 2149 1804 Colchicis,

995 1872 1160 1936 quae
1190 1850 1336 1914 finis
1367 1858 1482 1914 aut
1512 1852 1688 1936 quod
1717 1874 1823 1916 me
1854 1859 2079 1916 manet
2108 1848 2556 1934 stipendium?

992 1965 1223 2028 effare:
1270 1965 1479 2028 iussas
1510 1987 1659 2028 omn
1688 1964 1817 2028 fide
1847 1987 2093 2050 poenas
2122 1964 2318 2039 luam,

993 2083 1256 2161 paratus
1287 2077 1571 2162 expiare,
1610 2099 1726 2140 seu
1756 2077 2130 2163 poposceris

988 2197 1251 2253 centum
1281 2189 1615 2267 iuvencOS,
1648 2189 1789 2252 sive
1818 2189 2117 2253 mendaci
2146 2190 2288 2274 lyra

987 2304 1169 2395 voles
1206 2303 1441 2379 sonari,
1476 2309 1550 2366 tu
1580 2302 1838 2387 pudica,
1872 2311 1945 2366 tu
1976 2303 2182 2387 proba

987 2414 1468 2498 perambulabis
1499 2421 1675 2478 astra
1704 2414 1885 2478 sidus
1915 2437 2203 2478 aureum.

986 2526 1244 2590 infamis
1275 2527 1569 2590 Helenae
1604 2527 1837 2591 Castor
1865 2528 2155 2592 offensus
2181 2527 2348 2606 vice,

987 2639 1312 2723 fraterque
1342 2639 1567 2724 magni
1602 2639 1911 2716 CastoriS‚
1940 2639 2102 2703 victi
2131 2662 2322 2724 prece

988 2751 1297 2835 adempta
1325 2751 1463 2814 vat-i
1492 2751 1836 2815 reddidere
1866 2752 2147 2814 lumina:

988 2871 1056 2928 et
1086 2871 1180 2941 tu,
1210 2871 1400 2949 potes
1429 2886 1605 2942 nam,
1637 2865 1818 2928 solve
1847 2886 1953 2927 me
1984 2864 2335 2942 dementia,

986 2997 1024 3040 o
1054 2998 1176 3040 nec
1206 2977 1494 3060 paternis
1525 2977 1821 3040 obsoleta
1850 2977 2174 3055 sordibus,

980 3109 1195 3173 neque
1222 3089 1291 3151 in
1323 3089 1635 3173 sepulcris
1665 3110 2025 3172 pauperum
2053 3087 2340 3174 prudens
2370 3110 2532 3151 anus

981 3201 1389 3265 novendialis
1419 3200 1734 3284 dissipare
1765 3201 2089 3284 pulveres,

979 3314 1101 3405 tibi
1129 3313 1450 3398 hospitale
1479 3319 1709 3397 pectus
1740 3320 1808 3376 et
1837 3335 2036 3397 purae
2064 3335 2317 3390 manuS,

978 3434 1259 3511 tuusque
1289 3432 1521 3489 venter
1551 3425 1987 3502 Pactumeius,
2020 3432 2089 3488 et
2116 3433 2232 3488 tuo

979 3560 1205 3602 cruore
1235 3539 1467 3602 rubros
1504 3538 1827 3601 obstetrix
1862 3559 2109 3622 pannos
2138 3537 2322 3615 lavit,

979 3659 1330 3735 utcumque
1360 3651 1544 3714 fortis
1578 3651 1763 3714 exilis
1792 3671 2131 3734 puerpera.

981 3767 1000 3796 ‘
1020 3762 1177 3847 quid
1207 3763 1524 3826 obseratis
1561 3763 1825 3826 auribus
1856 3762 2077 3825 fundis
2109 3764 2383 3846 preces?

979 3897 1111 3939 non
1143 3897 1298 3938 saxa
1325 3875 1518 3938 nudis
1551 3875 1845 3938 surdiora
1873 3875 2114 3938 navitis

976 3986 1326 4070 Neptunus
1357 3987 1488 4049 alto
1520 3987 1741 4050 tundit
1770 3987 2081 4051 hibernus
2114 3987 2265 4050 salo,

2750 635 2817 681 ²5

2749 1200 2815 1246 30

2745 1761 2813 1809 35

2727 2331 2803 2376 40

2728 2895 2799 2941 45

2734 3457 2801 3502 50

2734 4017 2799 4066 55
