3109 4817
609 199 734 263 232
1468 197 1924 264 HORATII

606 374 730 439 sub
759 372 1053 458 patribus
1084 371 1264 436 duris
1294 371 1603 436 tironum.
1708 377 1728 406 ‘
1746 371 2058 436 maxime’
2092 371 2237 458 quis
2265 392 2398 435 nou

609 492 630 522 ‘
651 485 950 571 Iuppiter
966 487 983 516 '
1017 485 1357 564 exclamat,
1390 484 1583 548 simul
1611 491 1809 570 atque
1839 485 2142 550 audivit?
2198 489 2220 520 ‘
2237 493 2308 549 at
2333 486 2404 549 in
2433 507 2504 550 se

606 620 726 684 pro
758 603 1032 684 quaestu
1064 604 1397 682 sumptum
1425 597 1584 661 facit
1611 597 1770 662 hic’.
1849 597 1959 662 vix
1993 598 2257 662 credere
2288 599 2521 683 possiS,

612 733 807 796 quam
834 709 961 774 sibi
988 731 1123 773 non
1152 710 1240 774 sit
1266 709 1535 788 amicuS,
1566 709 1662 774 ita
1688 716 1765 774 ut
1793 717 1980 794 pater
2007 710 2139 790 ille,
2170 711 2438 775 Terenti

610 824 830 887 fabula
860 844 1054 908 quem
1082 823 1392 887 miserum
1420 829 1625 908 gnato
1653 823 1898 888 vixisse
1927 823 2155 908 fugato

610 935 884 1015 inducit,
916 957 1048 999 non
1079 957 1149 1000 se
1179 935 1365 1020 peius
1393 936 1781 1001 cruciaverit
1807 943 2004 1021 atque
2032 936 2161 1000 hic.

613 1049 669 1113 si
701 1050 845 1134 quis
874 1070 1047 1112 nunc
1078 1056 1347 1134 quaerat
1376 1053 1397 1083 ‘
1415 1070 1545 1133 quo
1573 1071 1679 1113 res
1708 1049 1869 1112 haec
1897 1049 2186 1133 pertinet
2206 1050 2266 1113 ?’
2309 1050 2500 1113 illuc:

612 1160 771 1224 dum
798 1161 1016 1224 vitant
1044 1161 1230 1224 stulti
1256 1160 1440 1239 vitia,
1471 1161 1541 1223 in
1572 1161 1893 1224 contraria
1921 1167 2212 1226 currunt.

614 1272 978 1336 Malthinus
1007 1272 1245 1336 tunicis
1274 1272 1574 1336 demissis
1603 1273 1932 1350 ambulat3
1979 1279 2082 1337 est
2112 1274 2224 1358 qui

612 1387 859 1472 inguen
888 1383 971 1447 ad
1000 1386 1355 1449 obscenum
1385 1385 1725 1449 subductis
1753 1407 1960 1471 usque
1989 1386 2259 1451 facetus·

614 1499 905 1584 pastillos
936 1498 1209 1562 Rufillus
1240 1497 1394 1576 olet,
1428 1497 1793 1583 Gurg-onius
1823 1497 2097 1562 hircum.

614 1611 707 1675 nil
736 1611 1025 1674 medium
1053 1617 1177 1675 est.
1281 1616 1436 1674 sunt
1466 1611 1578 1696 qui
1605 1611 1819 1675 nolint
1847 1611 2148 1696 tetigisse
2175 1611 2304 1675 nisi
2332 1611 2474 1674 illas

618 1747 889 1811 quarum
926 1725 1198 1789 subsuta
1227 1724 1393 1787 talos
1424 1729 1612 1808 tegat
1637 1723 1866 1788 instita
1892 1731 2118 1801 veste3

615 1847 841 1904 contra
868 1839 1031 1904 alius
1059 1838 1303 1901 nullam
1332 1836 1461 1901 nisi
1491 1838 1694 1902 olenti
1721 1837 1791 1901 in
1822 1837 2064 1901 fornice
2095 1843 2402 1902 stantem.

620 1952 881 2038 quidam
910 1957 1109 2016 notus
1137 1950 1331 2014 homo
1363 1972 1511 2013 cum
1542 1951 1754 2014 exiret
1780 1948 2047 2029 fornice,
2081 1955 2102 1984 ‘
2119 1957 2332 2013 macte

614 2065 861 2129 virtute
892 2069 1034 2129 esto
1052 2064 1071 2094 ’
1103 2061 1320 2147 inquit
1348 2062 1676 2127 sententia
1703 2062 1814 2125 dia
1845 2061 2147 2127 Catonis:

619 2183 638 2211 ‘
660 2200 813 2240 nam
846 2177 1036 2240 simul
1065 2199 1140 2239 ac
1170 2198 1371 2240 venas
1399 2175 1658 2240 inflavit
1686 2181 1898 2240 taetra
1924 2175 2150 2254 libido,

614 2290 741 2353 huc
769 2289 1039 2353 iuvenes
1070 2310 1349 2374 aequum
1380 2295 1485 2352 est
1514 2288 1934 2362 descendere,
1964 2309 2098 2352 non
2128 2287 2372 2352 alienas

617 2402 975 2488 permolere
1006 2421 1239 2465 uxores
1256 2402 1277 2431 ’
1286 2451 1299 2464 .
1390 2404 1410 2435 ‘
1427 2400 1630 2464 nolim
1653 2400 2008 2465 laudarier’
2037 2400 2254 2487 inquit

619 2519 640 2548 ‘
660 2514 752 2577 sic
780 2535 886 2576 me
902 2512 917 2540 ’
944 2514 1215 2576 mirator
1244 2513 1440 2577 cunni
1476 2511 1876 2598 Cupiennius
1905 2512 2058 2578 albi.

618 2625 843 2689 audire
874 2631 976 2689 est
1004 2646 1239 2710 operae
1270 2627 1576 2710 pretium,
1609 2625 1959 2710 procedere
1987 2633 2166 2690 recte

621 2737 731 2822 qui
760 2737 1047 2801 moechis
1074 2759 1209 2800 non
1237 2739 1461 2816 vultiS,
1492 2745 1570 2801 ut
1600 2737 1777 2801 omni
1806 2745 1992 2822 parte
2020 2739 2340 2818 laborent,

620 2857 823 2936 utque
852 2850 981 2914 illis
1011 2851 1217 2913 multo
1247 2857 1551 2936 corrupta
1581 2851 1804 2916 dolore
1831 2852 2134 2936 voluptas

618 2970 816 3048 atque
845 2964 1006 3027 haec
1034 2985 1180 3026 rara
1209 2963 1400 3027 cadat
1430 2963 1595 3026 dura
1619 2965 1796 3028 inter
1825 2986 2018 3048 saepe
2049 2965 2309 3049 pericla.

620 3076 727 3140 hic
757 3099 827 3140 se
858 3075 1279 3161 praecipitem
1311 3082 1487 3140 tecto
1517 3075 1741 3153 dedit3
1786 3077 1896 3141 ille
1927 3078 2203 3163 flagellis

621 3191 705 3254 ad
734 3197 1011 3253 mortem
1040 3210 1303 3265 caesus3
1349 3188 1611 3274 fugiens
1641 3189 1748 3252 hic
1778 3189 2022 3253 decidit
2049 3213 2264 3254 acrem

622 3302 1022 3388 praedonum
1050 3302 1448 3377 in·turbam;
1494 3299 1681 3364 dedit
1707 3300 1813 3364 hic
1843 3323 1961 3386 pro
1991 3323 2260 3388 corpore
2287 3325 2629 3381 nummos;

622 3416 795 3478 hunc
826 3414 1320 3498 perminxerunt
1347 3415 1644 3491 calones3
1693 3415 1848 3499 quin
1879 3415 2076 3478 etiam
2105 3417 2266 3480 illud

623 3527 879 3604 accidit,
912 3533 987 3590 ut
1015 3526 1271 3590 cuidam
1302 3527 1489 3590 testis
1518 3526 1920 3612 caudamque
1951 3529 2226 3593 salacem

621 3640 986 3704 demeteret
1014 3639 1277 3702 ferrum.
1382 3639 1586 3702 ‘iure'
1619 3659 1881 3704 omnes:
1957 3641 2164 3705 Galba
2190 3643 2501 3726 negabat.

624 3752 828 3816 tutior
854 3758 924 3816 at
955 3760 1197 3836 quanto
1226 3773 1408 3816 merx
1439 3760 1541 3816 est
1568 3753 1639 3816 in
1669 3754 1872 3818 classo
1903 3755 2206 3835 secunda,

626 3867 1069 3930 libertinarum
1100 3866 1286 3929 dico:
1374 3865 1716 3931 Sallustius
1744 3869 1814 3932 in
1846 3890 2005 3953 quas

626 4001 753 4042 non
786 3979 999 4042 minus
1028 3978 1270 4042 insanit
1302 4001 1492 4062 quam
1526 3981 1636 4064 qui
1665 3982 2060 4046 moechatur.
2163 3990 2233 4046 at
2259 3983 2364 4047 hic
2395 3984 2473 4061 si,

2751 740 2816 773 20

2753 1865 2814 1911 30

2755 2427 2809 2475 35

2747 3557 2807 3604 45
