3109 4817
976 225 1555 294 CARMINUM
1617 226 1727 290 III
1792 227 1822 290 1

605 404 889 468 moribus
919 403 1027 468 hio
1055 403 1411 488 meliorque
1441 403 1613 466 fama

606 515 981 595 contendat,
1010 516 1105 580 ilh·
1136 517 1329 581 turba
1356 513 1690 580 clientium

608 628 695 694 sit
720 628 957 693 maior:
1010 649 1219 714 aequa
1244 628 1393 714 lege
1424 627 1780 692 necessitas

608 741 875 806 sortitur
900 741 1196 826 insignes
1224 747 1294 805 et
1318 741 1509 818 imos,

608 875 799 917 omne
826 875 1029 938 capax
1064 859 1289 917 movet
1317 875 1479 916 urna
1506 872 1768 916 nomen.

608 965 957 1030 destrictus
986 965 1161 1030 ensis
1188 965 1295 1030 cui
1324 986 1520 1050 super
1544 963 1748 1048 impia

608 1077 859 1142 cervice
886 1078 1154 1162 pendet,
1183 1099 1315 1141 non
1351 1076 1603 1142 Siculae
1631 1076 1832 1160 dapes

609 1188 865 1254 dulcem
894 1189 1323 1254 elaborabunt
1350 1211 1673 1274 saporem,

609 1321 740 1364 non
768 1300 989 1366 avium
1016 1301 1429 1387 citharaeque
1458 1307 1688 1364 cantus

610 1434 908 1478 somnum
936 1413 1285 1478 reducent:
1332 1435 1598 1478 somnus
1626 1411 1982 1498 agrestium

610 1526 775 1590 lenis
808 1525 1095 1590 virorum
1123 1547 1256 1589 non
1285 1525 1562 1590 humiles
1592 1524 1820 1589 domos

612 1637 863 1702 fastidit
890 1639 1389 1724 umbrosamque
1417 1637 1649 1723 ripam,
1812 1613 1825 1624 ι

613 1772 745 1814 non
774 1750 1077 1836 zephyris
1104 1751 1353 1837 agitata
1379 1750 1646 1835 Tempe.

612 1861 1087 1927 desiderantem
1120 1863 1293 1948 quod
1324 1863 1480 1928 satis
1512 1869 1615 1926 est
1641 1882 1854 1946 neque

614 1975 1081 2038 tumultuosum
1110 1973 1415 2038 sollicitat
1440 1995 1619 2037 mare

612 2111 733 2154 nec
761 2111 995 2155 saevus
1022 2090 1263 2155 arcturi
1290 2089 1583 2155 cadentis

615 2201 897 2287 impetus
924 2210 1040 2267 aut
1068 2201 1337 2268 orientis
1365 2203 1581 2280 haedi,

616 2337 746 2380 non
774 2315 1155 2382 verberatae
1183 2315 1503 2402 grandine
1532 2316 1764 2380 vineae

615 2427 983 2514 fundusque
1008 2428 1312 2508 mendax,
1342 2430 1574 2494 arbore
1601 2449 1774 2492 nunc
1802 2447 2001 2512 aquas

616 2542 939 2626 culpante,
969 2563 1143 2606 nunc
1172 2541 1488 2606 torrentia
1516 2562 1711 2627 agros

619 2653 853 2732 sidera,
880 2675 1055 2718 nunc
1083 2653 1331 2720 hiemes
1359 2653 1638 2740 iniquas,

614 2771 945 2830 contracta
970 2765 1182 2850 pisces
1211 2787 1491 2852 aequora
1519 2765 1813 2831 sentiunt

616 2876 801 2941 iactis
828 2877 899 2941 in
928 2878 1131 2943 altum
1159 2878 1474 2944 molibus:
1518 2877 1647 2941 huc
1675 2877 1979 2962 frequens

616 2997 951 3054 caementa
978 2991 1271 3056 demittit
1296 2991 1672 3075 redemptor

620 3123 767 3166 cum
794 3102 1052 3167 famulis
1080 3101 1510 3189 dominusque
1541 3109 1750 3166 terrae

622 3212 1025 3279 fastidiosus:
1072 3213 1189 3280 sed
1217 3214 1413 3279 timor
1440 3220 1510 3279 et
1537 3213 1751 3277 minae

624 3325 941 3390 scandunt
969 3325 1198 3392 eodem
1231 3349 1358 3413 quo
1387 3327 1712 3404 dominus,
1741 3347 1954 3411 neque

621 3435 877 3502 decedit
906 3446 1125 3503 aerata
1152 3437 1403 3503 triremi
1432 3445 1499 3502 et

626 3555 773 3632 post
799 3550 1088 3635 equitem
1117 3551 1304 3616 sedet
1331 3557 1473 3616 atra
1501 3573 1674 3615 cura.

628 3662 853 3746 quodsi
880 3663 1211 3730 dolentem
1238 3687 1360 3729 nec
1388 3664 1720 3750 Phrygius
1747 3663 1912 3747 lapis

625 3793 744 3837 nec
770 3796 1198 3861 purpurarum
1228 3776 1439 3841 sidere
1469 3777 1700 3841 clarior

627 3883 868 3953 delenit
898 3911 1055 3954 usus
1082 3911 1205 3954 nec
1237 3889 1509 3953 Falerna

629 3997 780 4063 vitis
808 4001 1445 4086 Achaemeniumque
1474 4007 1749 4078 costum,

2413 223 2494 286 99

2444 2453 2507 2498 30

2446 3015 2505 3061 35
