3109 4817
587 180 710 245 290
1456 185 1897 250 HORATII

615 1861 817 2059 H
845 1870 961 1935 OC
995 1891 1273 1955 quoque,
1306 1870 1576 1948 Tiresia,
1609 1877 1868 1956 praeter
1897 1877 2159 1934 narrata
2188 1871 2440 1956 petenti

887 1984 1230 2067 responde,
1265 1982 1500 2067 quibus
1529 1982 1800 2047 amissas
1829 2004 2128 2068 reparare
2161 2007 2391 2070 queam
2421 2007 2525 2048 res

590 2097 839 2160 artibus
868 2102 1064 2181 atque
1095 2096 1326 2158 modis.
1433 2096 1589 2179 quid
1619 2096 1844 2159 rides?
1894 2096 2146 2161 ‘iamne
2177 2098 2399 2161 doloso

589 2232 721 2273 non
753 2209 910 2271 satis
941 2215 1044 2271 est
1072 2208 1365 2270 Ithacam
1394 2207 1622 2270 revehi
1653 2208 2030 2292 patriosque
2062 2217 2332 2293 penates

589 2322 875 2405 aspicere
899 2321 957 2383 '?’
1006 2342 1044 2382 o
1072 2319 1235 2382 nulli
1267 2319 1611 2403 quicquam
1641 2321 1939 2397 mentite,
1970 2320 2156 2383 vides
2187 2329 2263 2383 ut

588 2434 803 2495 nudus
832 2433 1149 2516 inopsque
1180 2432 1446 2495 domum
1475 2432 1760 2509 redeam,
1796 2438 1860 2494 te
1890 2441 2043 2496 vate
2067 2458 2084 2509 3
2129 2454 2342 2517 neque
2372 2434 2501 2496 illic

591 2553 704 2607 aut
733 2544 1048 2627 apotheca
1077 2546 1288 2628 procis
1317 2543 1564 2606 intacta
1594 2549 1695 2606 est
1723 2549 1837 2605 aut
1865 2565 2085 2628 pecus.
2173 2547 2354 2629 atqui

593 2663 662 2719 et
690 2679 899 2740 genus
931 2662 1001 2719 et
1027 2656 1261 2734 virtue,
1293 2657 1421 2719 nisi
1452 2678 1601 2718 cum
1631 2676 1723 2733 re,
1754 2654 1947 2719 vilior
1974 2657 2123 2741 alga
2153 2665 2273 2720 est.

594 2773 613 2801 ‘
639 2769 895 2853 quando
926 2769 1298 2853 pauperiem
1328 2768 1543 2832 missis
1573 2769 1960 2853 ambagibus
1991 2769 2236 2847 horreS,

589 2882 808 2967 accipe
841 2905 967 2967 qua
993 2882 1244 2961 ratione
1279 2903 1475 2967 queas
1506 2882 1847 2945 ditescere.
1954 2884 2182 2947 turdus

592 2995 730 3059 sive
760 2996 932 3058 aliud
964 2995 1225 3079 privum
1255 2995 1518 3057 dabitur
1551 2994 1693 3071 tibi,
1725 2994 1990 3058 devolet
2018 2996 2192 3073 illuc,

588 3130 694 3170 res
723 3107 837 3170 ubi
865 3130 1104 3192 magna
1132 3108 1323 3184 nitet,
1355 3106 1618 3171 domino
1651 3128 1841 3169 sene:
1888 3107 2102 3170 dulcia
2131 3129 2323 3191 poma

589 3227 676 3298 et,
711 3241 1149 3305 quoscumque
1178 3220 1345 3282 feret
1374 3220 1585 3281 cultus
1617 3218 1740 3281 tibi
1768 3218 2006 3283 fundus
2037 3220 2337 3296 honoreS,

588 3339 740 3396 ante
769 3334 971 3395 larem
1000 3339 1227 3416 gustet
1255 3332 1689 3395 venerabilior
1715 3332 1848 3395 lare
1883 3332 2104 3395 dives:

588 3445 700 3530 qui
730 3444 1024 3530 quamvis
1055 3443 1350 3527 periurus
1381 3444 1525 3521 erit,
1559 3444 1697 3506 sine
1728 3450 1950 3527 gente,
1982 3451 2290 3518 cruentus

587 3557 902 3641 sanguine
933 3557 1240 3633 fraternO,
1272 3555 1614 3640 fugitivus,
1645 3578 1728 3618 ne
1760 3562 1979 3618 tamen
2009 3556 2102 3618 illi

587 3676 659 3732 tu
689 3690 903 3732 comes
934 3667 1238 3745 exterior,
1271 3668 1327 3731 si
1355 3669 1664 3752 postulet,
1696 3668 1790 3730 ire
1820 3669 2139 3732 recuses’.

585 3789 740 3845 utne
772 3788 991 3865 tegam
1022 3801 1253 3864 spurco
1286 3780 1528 3843 Damae
1560 3782 1777 3844 latus?
1824 3780 1998 3843 haud
2026 3781 2120 3843 ita
2149 3771 2377 3842 Troiae

583 3916 687 3957 me
718 3894 916 3978 gessi,
949 3900 1203 3957 certans
1234 3915 1490 3976 semper
1519 3894 1914 3958 melioribus
2020 3898 2040 3926 ‘
2060 3914 2218 3978 ergo

583 4028 830 4090 pauper
859 4006 1036 4068 eris’.
1140 4006 1374 4068 fortem
1404 4005 1525 4067 hoc
1556 4005 1843 4068 animum
1875 4005 2148 4068 tolerare
2178 4004 2419 4068 iubebo
2444 4031 2458 4067 ε

2730 2916 2791 2947 10

2730 3477 2788 3523 ¹5

2725 4036 2792 4069 20
