3109 4817
528 240 615 302 84

1403 236 1846 304 HORA'PII

929 414 1195 493 Parthi3
1241 423 1503 481 catenas
1539 416 1821 481 Parthus
1852 424 1923 481 et
1951 418 2190 481 Italum

932 529 1169 606 robur3
1216 530 1332 593 sed
1361 529 1717 614 improvisa
1745 530 1863 593 leti

930 640 1032 704 vis
1060 641 1279 726 rapuit
1305 642 1644 727 rapietque
1675 643 1916 727 gentis.

942 776 1135 839 quam
1164 776 1371 838 paene
1402 754 1627 818 furvae
1656 777 1862 840 regna
1891 754 2316 840 Proserpinae

937 873 1006 929 et
1033 866 1430 931 iudicantem
1459 866 1743 931 vidimus
1772 868 2065 932 Aeacum

938 978 1257 1064 sedesque
1285 979 1601 1044 discretas
1629 981 1884 1065 piorum
1915 988 1984 1045 et

936 1091 1184 1155 Aeoliis
1214 1091 1453 1156 fidibus
1486 1099 1867 1178 querentem

947 1202 1210 1287 Sappho
1240 1205 1473 1289 puellis
1502 1205 1587 1269 de
1616 1205 2058 1289 popularibus,

942 1322 1011 1380 et
1039 1322 1107 1380 te
1138 1323 1476 1380 sonantem
1505 1318 1761 1401 plenius
1791 1339 2009 1396 aure0,

941 1428 1204 1506 Alcaee,
1237 1428 1485 1513 plectro
1507 1429 1672 1492 dura
1699 1429 1908 1508 navis,

942 1539 1105 1603 dura
1132 1541 1327 1627 fugae
1357 1541 1546 1619 mala,
1579 1541 1741 1605 dura
1768 1542 1944 1607 belli.

943 1658 1291 1738 utrumque
1322 1674 1503 1716 sacro
1533 1653 1736 1738 digna
1765 1654 2024 1719 silentio

945 1765 1263 1828 mirantur
1290 1766 1558 1829 umbrae
1588 1765 1803 1830 dicere
1826 1790 1846 1843 3
1893 1768 2007 1831 sed
2037 1769 2247 1852 magis

945 1900 1200 1962 pugnas
1232 1885 1300 1942 et
1329 1885 1592 1942 exactos
1623 1886 1934 1963 tyrannos

944 1988 1218 2053 densum
1248 1990 1488 2054 umeris
1518 1991 1689 2054 bibit
1717 2013 1870 2055 aure
1898 1993 2159 2077 vulgus,

953 2102 1108 2186 quid
1139 2102 1397 2182 mirum,
1434 2103 1548 2166 ubi
1577 2103 1705 2166 illis
1736 2104 2130 2168 carminibus
2160 2113 2429 2189 stupens

953 2214 1242 2279 demittit
1269 2222 1444 2280 atras
1471 2216 1665 2279 belua
1693 2216 2022 2301 centiceps

950 2348 1137 2391 aures
1169 2334 1238 2391 et
1263 2326 1493 2391 intorti
1522 2326 1770 2412 capillis

953 2438 1388 2503 Eumenidum
1417 2446 1794 2504 recreantur
1820 2443 2120 2526 angues?

956 2551 1113 2636 quin
1144 2560 1212 2616 et
1241 2551 1669 2616 Prometheus
1701 2559 1770 2616 et
1798 2552 2058 2639 Pelopis
2088 2577 2321 2639 parens

959 2663 1132 2727 dulci
1161 2665 1456 2729 laborum
1486 2665 1812 2749 decipitur
1841 2688 2023 2746 sono,

958 2798 1079 2840 nec
1111 2784 1294 2840 curat
1324 2776 1528 2842 Orion
1560 2778 1781 2842 leones

957 2897 1072 2953 aut
1102 2889 1363 2954 timidos
1384 2890 1636 2975 agitare
1663 2891 1909 2976 lyncas,

2674 673 2744 706 20

2686 1799 2756 1845 30

2694 2362 2761 2410 35
