3109 4817
968 259 1539 326 CARMINUM
1605 261 1716 326 ΙΠ
1775 264 1820 325 4

697 437 846 501 ludo
876 437 1355 522 fatigatumque
1385 457 1615 502 somno

694 549 920 614 fronde
948 571 1123 614 nova
1151 570 1426 634 puerum
1454 550 1794 636 palumbes

694 669 937 742 texere,
968 662 1205 726 mirum
1236 662 1409 747 quod
1440 663 1610 726 foret
1638 664 1962 743 omnibus,

696 773 1083 860 quicumque
1110 773 1321 840 celsae
1347 773 1577 838 nidum
1605 775 2042 842 Acherontiae

695 875 1025 975 saltusque
1056 889 1375 954 Bantinos
1405 897 1475 954 et
1501 911 1731 956 arvum

695 1001 937 1087 pingue
968 1007 1199 1066 tenent
1224 1000 1487 1066 humilis
1520 1001 1809 1082 Forenti,

694 1120 771 1178 ut
794 1121 943 1178 tuto
970 1114 1056 1178 ab
1084 1113 1245 1178 atris
1274 1135 1545 1198 corpore
1566 1114 1812 1200 viperis

697 1224 1045 1290 dormirem
1076 1232 1147 1290 et
1172 1225 1365 1304 ursis,
1395 1232 1473 1290 ut
1499 1247 1830 1311 premerer
1858 1249 2038 1292 sacra

694 1339 1001 1424 lauroque
1030 1339 1415 1424 conlataque
1443 1346 1684 1424 myrto,

692 1473 824 1515 non
854 1452 995 1516 sine
1024 1451 1127 1516 dis
1153 1451 1483 1516 animosus
1510 1451 1744 1518 infans.

692 1570 932 1644 vester,
963 1585 1290 1644 camenae,
1320 1571 1543 1628 vester
1570 1565 1640 1628 in
1669 1565 1905 1631 arduos

700 1677 891 1742 tollor
922 1675 1220 1756 Sabinos,
1252 1699 1368 1742 seu
1394 1676 1558 1740 mihi
1585 1677 1895 1764 frigidum

693 1787 1043 1854 Praeneste
1072 1811 1189 1853 seu
1216 1788 1420 1852 Tibur
1448 1789 1754 1874 supinum

694 1921 809 1963 seu
839 1899 1123 1985 liquidae
1153 1899 1451 1984 placuere
1484 1899 1701 1964 Baiae.

692 2013 931 2076 vestris
959 2013 1235 2075 amicum
1268 2012 1560 2076 fontibus
1591 2019 1660 2076 et
1687 2013 1902 2078 choris

692 2146 821 2187 non
850 2146 956 2188 me
988 2123 1307 2210 Philippis
1336 2145 1527 2188 versa
1555 2126 1726 2190 acies
1755 2135 1952 2204 retr0,

689 2237 927 2301 devota
954 2259 1087 2301 non
1118 2236 1401 2300 extinxit
1434 2238 1650 2314 arbos,
1687 2291 1700 2304 .

688 2371 808 2413 nec
840 2350 1055 2416 Sicula
1083 2349 1425 2414 Palinurus
1452 2349 1646 2414 unda.

692 2469 1043 2547 utcumque
1072 2485 1327 2526 mecum
1355 2483 1477 2526 vos
1506 2463 1711 2541 eritis,
1742 2463 1953 2528 libens

691 2574 1121 2639 insanientem
1150 2575 1375 2638 navita
1404 2574 1768 2659 Bosporum

696 2689 1028 2772 temptabo
1059 2694 1127 2752 et
1156 2694 1419 2750 urentes
1447 2686 1722 2751 harenas

691 2799 899 2864 litoris
928 2799 1185 2884 Assyrii
1214 2800 1447 2878 viator,

693 2913 899 2978 visam
930 2911 1282 2976 Britannos
1312 2911 1682 2997 hospitibus
1711 2913 1882 2976 feros

695 3032 761 3089 et
790 3025 1032 3089 laetum
1064 3024 1301 3110 equino
1337 3025 1656 3109 sanguine
1691 3023 2086 3102 Concanum,

694 3138 903 3202 visam
932 3138 1341 3223 pharetratos
1374 3137 1656 3201 Gelonos

695 3257 763 3315 et
795 3249 1172 3335 Scythicum
1200 3250 1552 3314 inviolatus
1583 3271 1863 3314 amnem.

691 3384 807 3428 vos
841 3362 1181 3428 Caesarem
1211 3362 1439 3441 altum,
1469 3363 1704 3428 militia
1731 3363 1920 3426 simul

696 3476 896 3540 fessas
926 3474 1227 3538 cohortes
1257 3473 1514 3538 abdidit
1542 3475 1824 3560 oppidis,

696 3586 881 3651 finire
913 3593 1333 3672 quaerentem
1366 3589 1624 3652 labores

696 3697 909 3762 Pierio
936 3699 1243 3763 recreatis
1271 3707 1481 3764 antr0.

699 3833 816 3874 vos
844 3811 993 3874 lene
1021 3811 1361 3874 consilium
1393 3820 1461 3875 et
1489 3811 1662 3875 datis
1694 3818 1762 3875 et
1790 3811 1946 3875 dato

696 3921 997 4006 gaudetis
1024 3923 1251 3987 almae.
1354 3924 1594 3988 scimus
1623 3931 1698 3987 ut
1726 3923 1960 4008 impios

2374 267 2490 332 107

2430 3169 2490 3216 35
