3109 4817
646 293 767 358 108

1522 293 1986 358 HORATII

1041 468 1305 532 Titanas
1333 468 1814 552 immanemque
1844 474 2126 530 turmam

1038 580 1305 644 fulmine
1338 580 1673 674 sustulerit
1704 580 1968 657 caduce,

1040 691 1153 778 qui
1181 700 1421 757 terram
1449 693 1753 771 inertem,
1787 693 1897 777 qui
1926 713 2106 756 mare
2136 699 2460 778 temperat

1037 812 1409 884 ventosum,
1440 811 1509 868 et
1538 806 1734 869 urbes
1763 827 2096 890 regnaque
2126 805 2340 870 tristia

1036 917 1353 1003 divosque
1382 918 1804 1003 mortalisque
1833 918 2059 982 turbas

1035 1030 1309 1114 imperio
1336 1029 1514 1114 regit
1540 1051 1710 1094 unus
1738 1050 1966 1114 aequo,
2085 1047 2091 1052 ·

1032 1163 1347 1226 magnum
1372 1141 1483 1204 illa
1516 1149 1831 1206 terrorem
1859 1141 2171 1205 intulerat
2203 1141 2350 1206 Iovi

1034 1255 1242 1318 fidens
1270 1253 1581 1318 iuventus
1611 1254 1874 1318 horrida
1901 1253 2220 1318 bracchiis

1034 1368 1393 1452 fratresque
1422 1367 1771 1430 tendentes
1801 1387 2002 1451 opaco

1034 1479 1262 1542 Pelion
1290 1479 1678 1565 imposuisse
1711 1478 2013 1564 Olympo·

1031 1590 1148 1655 sed
1180 1590 1335 1676 quid
1365 1590 1713 1674 Typhoeus
1743 1595 1813 1652 et
1840 1589 2095 1653 validus
2125 1589 2386 1669 Mimas,

1029 1711 1145 1795 aut
1175 1702 1331 1788 quid
1364 1702 1603 1766 minaci
1639 1701 2048 1786 Porphyrion
2077 1707 2274 1780 statu,

1034 1815 1189 1901 quid
1220 1815 1514 1878 Rhoetus
1545 1815 1916 1899 evulsisque
1947 1813 2194 1877 truncis

1028 1927 1392 1991 Enceladus
1420 1927 1734 1990 iaculator
1761 1927 1972 1989 audax

1028 2047 1255 2103 contra
1284 2046 1626 2104 sonantem
1656 2038 1937 2102 Palladis
1966 2037 2201 2122 aegida

1030 2159 1300 2236 possent
1326 2153 1640 2216 ruentes?
1688 2151 1841 2213 hinc
1870 2151 2100 2214 avidus
2130 2149 2318 2214 stetit

1023 2263 1378 2342 Vulcanus,
1408 2264 1562 2328 hinc
1590 2270 1887 2326 matrona
1915 2263 2082 2325 Iuno
2114 2269 2182 2326 et

1023 2399 1377 2461 numquam
1408 2375 1648 2440 umeris
1678 2374 2007 2460 positurus
2037 2396 2279 2453 arcum,

1024 2489 1136 2575 qui
1164 2511 1309 2552 rore
1338 2511 1501 2573 puro
1537 2487 1853 2552 Castaliae
1881 2487 2044 2550 lavit

1021 2602 1231 2666 crines
1262 2602 1529 2680 solutos,
1564 2600 1676 2686 qui
1705 2599 1942 2685 Lyciae
1973 2605 2157 2663 tenet

1021 2715 1290 2778 dumeta
1316 2715 1731 2798 natalemque
1762 2712 2017 2790 silvam,

1022 2826 1247 2889 Delius
1279 2832 1348 2889 et
1378 2825 1694 2889 Patareus
1722 2824 1984 2909 Apollo,

1014 2938 1116 3002 vis
1146 2938 1373 3003 consili
1403 2960 1636 3024 expers
1665 2938 1836 3002 mole
1863 2936 1998 3000 ruit
2027 2959 2178 3000 sua:

1014 3052 1152 3116 vim
1182 3057 1611 3137 temperatam
1640 3051 1710 3113 di
1740 3071 1998 3136 quoque
2029 3049 2399 3134 provehunt

957 3193 973 3212 ·
1013 3165 1084 3226 in
1112 3164 1360 3240 maius3
1404 3163 1582 3226 idem
1612 3163 1807 3226 odere
1836 3161 2011 3225 vires

1016 3299 1207 3341 omne
1234 3277 1417 3340 nefas
1446 3275 1662 3339 animo
1691 3275 2040 3339 moventis.

1013 3391 1201 3454 testis
1229 3411 1519 3452 mearum
1549 3388 1956 3452 centimanus
1987 3387 2160 3472 Gyas

1016 3502 1508 3580 sententiarum,
1536 3507 1735 3566 notus
1765 3507 1834 3565 et
1859 3501 2156 3584 integrae

1010 3623 1366 3700 temptator
1394 3615 1598 3680 Orion
1629 3613 1899 3692 Dianae,

1008 3729 1308 3813 virginea
1335 3727 1622 3791 domitus
1653 3726 1915 3810 sagitta.

1006 3841 1248 3904 iniecta
1274 3839 1584 3904 monstris
1615 3839 1815 3902 Terra
1843 3838 2024 3901 dolet
2052 3837 2186 3901 suis

1004 3960 1381 4038 maeretque
1410 3959 1635 4037 partus
1665 3950 1933 4015 fulmine
1962 3949 2244 4015 luridum

2772 725 2838 771 45

2769 1285 2831 1334 50

2762 1844 2826 1891 55

2753 2389 2827 2434 60

2747 3530 2818 3576 70
