3109 4817
648 169 777 234 366
1524 169 1972 236 HORATII

648 345 767 410 sed
795 365 991 408 verae
1016 365 1457 430 numerosque
1486 346 1848 432 modosque
1879 345 2168 410 ediscere
2197 344 2397 408 vitae.

649 458 950 544 quocirca
977 479 1234 522 mecum
1264 459 1494 544 loquor
1524 459 1684 524 haec
1715 460 2082 544 tacitusque
2111 457 2454 522 recordor:

648 571 705 634 si
734 571 860 636 tibi
886 571 1065 635 nulla
1094 571 1272 636 sitim
1300 572 1521 636 finiret
1548 573 1738 657 copia
1765 572 2096 657 lymphae,

644 705 939 748 narrares
968 684 1278 750 medicis:
1330 685 1505 770 quod
1536 693 1783 770 quanto
1814 686 2001 770 plura
2029 684 2296 768 parasti,

642 803 827 860 tanto
856 797 1045 882 plura
1072 797 1279 882 cupis,
1310 797 1558 862 nulline
1590 773 1854 862 faterier
1879 797 2133 862 audes?

642 909 701 973 si
728 909 967 974 vulnus
996 909 1121 976 tibi
1150 916 1513 975 monstrata
1540 911 1760 976 radice
1789 912 1898 976 vel
1925 911 2132 976 herba

640 1043 774 1086 non
802 1023 991 1088 fieret
1016 1023 1250 1102 leviuS,
1282 1024 1548 1109 fugeres
1577 1023 1794 1088 radice
1824 1024 1932 1088 vel
1960 1023 2166 1088 herba

640 1136 1018 1220 proficiente
1047 1137 1211 1200 nihil
1238 1136 1561 1202 curarier:
1607 1137 1930 1215 audieras,
1961 1135 2066 1200 cui

637 1274 778 1316 rem
806 1253 877 1316 di
904 1253 1248 1333 donarent,
1278 1253 1373 1317 illi
1403 1253 1722 1319 decedere
1749 1275 2021 1340 pravam

638 1367 1005 1448 stultitiam,
1038 1375 1109 1433 et
1137 1390 1287 1432 cum
1318 1368 1408 1433 sis
1436 1369 1644 1432 nihilo
1675 1368 2032 1453 sapientior
2060 1389 2142 1431 ex
2175 1389 2304 1452 quo

635 1480 888 1565 plenior
917 1503 1010 1560 es,
1042 1487 1263 1545 tamen
1295 1481 1499 1545 uteris
1528 1481 1964 1546 monitoribus
1992 1481 2200 1544 isdem
2227 1481 2254 1543 ἲ

634 1600 707 1656 at
734 1595 790 1658 si
819 1593 1089 1658 divitiae
1119 1593 1514 1678 prudentem
1544 1594 1820 1658 reddere
1849 1601 2142 1679 possent,

634 1706 691 1772 si
720 1707 1029 1792 cupidum
1060 1704 1493 1792 timidumque
1522 1707 1739 1772 minus
1761 1714 1853 1786 te,
1884 1727 2122 1791 nempe
2151 1705 2444 1783 ruberes,

632 1819 889 1883 viveret
914 1820 986 1884 in
1015 1820 1208 1885 terris
1237 1826 1306 1884 te
1336 1819 1543 1906 siquis
1573 1820 1831 1885 avarior
1859 1841 2014 1884 un0.

630 1930 689 1995 si
717 1932 1055 2016 proprium
1084 1939 1188 1997 est
1218 1933 1392 2018 quod
1425 1933 1572 2019 quis
1601 1933 1768 1998 libra
1795 1939 2121 1996 mercatus
2151 1938 2222 1995 et
2247 1953 2394 1995 aere
2430 1936 2554 2008 est,

634 2045 974 2130 quaedam,
1006 2045 1063 2108 si
1093 2045 1305 2110 credis
1334 2046 1670 2126 consultis,
1703 2047 2032 2130 mancipat
2059 2067 2238 2124 usus,

632 2156 745 2241 qui
773 2163 841 2222 te
870 2159 1082 2242 pascit
1108 2180 1289 2244 ager,
1322 2166 1476 2223 tuus
1507 2165 1632 2237 est,
1665 2166 1734 2223 et
1761 2159 1995 2222 vilicus
2026 2157 2213 2237 Orbi,

626 2291 779 2334 cum
808 2278 1069 2356 segetes
1099 2277 1282 2335 occat
1311 2271 1435 2336 tibi
1464 2294 1620 2336 mox
1649 2273 1980 2336 frumenta
2005 2270 2294 2348 daturas,

632 2389 702 2446 te
731 2383 1069 2448 dominum
1099 2384 1323 2448 sentit.
1426 2385 1545 2449 das
1574 2407 1899 2463 nummos,
1929 2383 2169 2468 accipis
2197 2405 2416 2460 uvam,

630 2497 865 2581 pullos,
898 2519 1045 2576 ova,
1076 2497 1311 2561 cadum
1340 2499 1594 2562 temeti.
1695 2519 1935 2582 nempe
1965 2495 2162 2560 modo
2189 2496 2319 2560 isto

628 2609 941 2694 paulatim
968 2610 1276 2675 mercaris
1304 2633 1561 2696 agrum,
1593 2611 1868 2675 fortasse
1897 2609 2212 2674 trecentis

626 2726 743 2784 aut
771 2721 969 2785 etiam
998 2745 1195 2808 supra
1222 2745 1641 2788 nummorum
1669 2723 1935 2788 milibus
1965 2728 2282 2807 emptum.

626 2833 784 2919 quid
811 2835 1033 2914 refert,
1064 2836 1251 2900 vivas
1280 2843 1624 2901 numerato
1653 2857 1864 2921 nuper
1889 2857 1975 2899 an
2006 2833 2211 2898 olim?

630 2955 889 3032 emptor
916 2948 1170 3012 Aricini
1199 2949 1551 3035 quondam,
1587 2947 1889 3014 Veientis
1919 2954 1989 3012 et
2017 2947 2180 3025 arvi,

624 3069 920 3146 emptum
949 3069 1141 3126 cenat
1168 3063 1379 3142 holus,
1412 3063 1712 3147 quamvis
1740 3061 1930 3125 aliter
1958 3066 2186 3145 putat3
2232 3060 2471 3145 emptis

623 3175 746 3240 sub
775 3181 1037 3240 noctem
1066 3175 1355 3261 gelidam
1382 3175 1584 3261 lignis
1612 3176 1954 3240 calefactat
1980 3195 2252 3238 aenum:

621 3287 739 3352 sed
766 3295 962 3353 vocat
988 3310 1195 3374 usque
1225 3311 1438 3368 suum,
1472 3310 1602 3373 qua
1630 3289 1910 3373 populus
1943 3287 2154 3350 adsita
2181 3285 2377 3350 certis

617 3400 936 3466 limitibus
964 3401 1179 3466 vicina
1206 3400 1453 3486 refugit
1478 3401 1730 3486 iurgia3
1763 3401 2110 3487 ‘tamquam

618 3513 706 3578 sit
734 3513 1070 3599 proprium
1097 3514 1466 3600 quicquam,
1498 3520 1746 3599 puncto
1777 3514 1951 3600 quod
1981 3511 2240 3576 mobilis
2269 3511 2467 3574 horae

614 3649 791 3692 nunc
822 3648 1039 3712 prece,
1068 3647 1243 3690 nunc
1272 3627 1509 3711 pretio,
1538 3649 1716 3692 nunc
1745 3629 1836 3706 vi,
1866 3647 2042 3690 nunc
2071 3631 2282 3688 morte
2312 3644 2620 3708 suprema

617 3747 951 3823 permutet
976 3739 1275 3804 dominos
1306 3747 1375 3804 et
1409 3739 1602 3804 cedat
1627 3741 1698 3802 in
1729 3740 1934 3804 altera
1961 3739 2123 3803 iura.

616 3851 708 3916 sic
740 3852 893 3938 quia
921 3859 1275 3937 perpetuus
1305 3853 1467 3918 nulli
1496 3852 1691 3916 datur
1719 3875 1876 3917 usus
1905 3859 1975 3916 et
2001 3852 2192 3916 heres

610 3965 923 4029 heredem
954 3965 1221 4030 alterius
1250 3966 1435 4032 velut
1462 3966 1642 4029 unda
1671 3965 2051 4050 supervenit
2080 3963 2346 4041 undam,

2775 485 2872 532 ¹45

2771 1051 2870 1098 ¹50

2759 1621 2858 1668 ¹55

2748 2173 2850 2220 160

2741 3314 2837 3358 ¹70

2735 3879 2830 3928 175
