3109 4817
1475 287 1930 353 HORATII

1018 486 1114 549 ire
1143 485 1464 549 deiectum
1495 492 1915 551 monumenta
1942 487 2118 571 regis

1021 597 1389 681 templaque
1419 596 1685 675 Vestae,

1019 710 1178 773 Iliae
1208 709 1362 772 dum
1395 734 1464 773 se
1493 710 1763 773 nimium
1798 710 2095 796 querenti

1019 822 1219 885 iactat
1249 823 1546 901 ultorem,
1578 845 1786 907 vagus
1818 830 1885 887 et
1914 823 2175 887 sinistra

1017 934 1257 998 labitur
1284 935 1425 1019 ripa
1452 936 1614 999 Iove
1638 958 1770 998 non
1801 937 2117 1021 probante
2146 958 2216 999 u-

1015 1047 1234 1111 xorius
1264 1047 1491 1111 amnis.

1017 1159 1238 1223 audiet
1267 1160 1426 1224 civis
1455 1160 1703 1223 acuisse
1734 1161 1996 1239 sermm,

1021 1294 1148 1357 quo
1177 1294 1413 1357 graves
1445 1272 1680 1336 Persae
1708 1272 1939 1336 melius
1970 1274 2279 1357 perirent,

1015 1383 1237 1448 audiet
1265 1406 1519 1469 pugnas
1548 1384 1709 1449 vitio
1740 1392 2080 1469 parentum

1018 1519 1163 1560 rara
1190 1498 1517 1561 iuventus.

1020 1632 1212 1695 quem
1240 1618 1434 1674 vocet
1462 1611 1687 1675 divum
1718 1612 1994 1697 populus
2023 1611 2272 1675 ruentis

1016 1722 1248 1806 imperi
1275 1723 1518 1787 rebus?
1574 1744 1764 1806 prece
1797 1746 1924 1808 qua
1952 1723 2232 1808 fatigent

1018 1835 1309 1919 virgines
1339 1842 1600 1897 sanctae
1630 1834 1844 1898 minus
1874 1834 2245 1898 audientem

1019 1948 1303 2010 carmina
1330 1945 1649 2010 Vestam?

1018 2061 1123 2122 cui
1151 2059 1335 2123 dabit
1363 2059 1566 2144 partis
1596 2060 1804 2123 scelus
1836 2059 2137 2144 expiandi

1021 2171 1368 2257 Iuppiter?
1417 2171 1681 2234 tandem
1709 2171 1935 2235 venias
1965 2193 2302 2256 precamur

1019 2286 1192 2349 nube
1223 2284 1559 2348 candentis
1589 2306 1846 2348 umeros
1875 2285 2170 2363 amiotus,

1023 2419 1232 2483 augur
1261 2397 1496 2482 Apollo
1515 2422 1535 2474 3

1020 2510 1158 2573 sive
1189 2516 1263 2572 tu
1290 2510 1518 2587 mavia,
1550 2508 1830 2593 Erycina
1858 2510 2098 2588 ridens,

1019 2644 1213 2707 quam
1242 2622 1432 2685 Iocus
1462 2621 1703 2685 circum
1731 2622 1911 2685 volat
1940 2628 2008 2685 et
2040 2621 2328 2706 Cupid03

927 2752 936 2761 ·
1020 2732 1159 2798 sive
1187 2733 1561 2818 neglectum
1590 2755 1799 2818 genus
1831 2742 1899 2797 et
1926 2738 2198 2818 nepotes

1019 2846 1308 2931 respicis,
1339 2851 1566 2909 auctor

1017 2958 1147 3022 heu
1173 2957 1367 3021 nimis
1395 2957 1594 3042 longo
1624 2958 1854 3021 satiate
1882 2958 2057 3036 ludo,

1023 3093 1213 3156 quem
1240 3070 1423 3136 iuvat
1451 3071 1691 3133 clamor
1718 3072 2069 3156 galeaeque
2098 3071 2297 3147 leves,

1017 3205 1166 3248 acer
1195 3189 1264 3247 et
1291 3182 1508 3246 Mauri
1537 3182 1778 3267 peditis
1808 3190 2147 3247 cruentum

1021 3296 1242 3359 vultus
1270 3295 1339 3357 in
1362 3295 1656 3371 hostem3

1016 3406 1154 3470 sive
1182 3414 1434 3470 mutata
1460 3408 1761 3470 iuvenem
1792 3407 2002 3491 figura

1019 3518 1150 3582 ales
1178 3520 1244 3581 in
1278 3519 1468 3583 terris
1495 3518 1791 3597 imitaris,
1822 3520 2026 3582 almae

1016 3630 1184 3695 filius
1213 3631 1451 3711 Maiae,
1483 3632 1738 3717 patiens
1766 3632 1985 3695 vocari

1021 3741 1310 3807 Caesaris
1340 3744 1546 3807 ultor:

1009 3876 1190 3919 serus
1217 3857 1286 3919 in
1317 3856 1567 3920 caelum
1595 3854 1822 3919 redeas
1851 3855 2091 3941 diuque

1018 3967 1227 4031 laetus
1255 3967 1517 4031 intersis
1546 3966 1787 4052 populo
1820 3966 2093 4046 Quirini,

1013 4101 1181 4145 neve
1210 4088 1277 4143 te
1305 4080 1546 4143 nostris
1576 4079 1755 4142 vitiis
1783 4080 2076 4164 iniquum

1018 4194 1192 4256 ocior
1219 4214 1376 4255 aura

2756 2764 2815 2810 35

2751 3890 2815 3935 45
