<?xml version="1.0" encoding="UTF-8"?>
<!DOCTYPE html PUBLIC "-//W3C//DTD XHTML 1.0 Transitional//EN"
    "http://www.w3.org/TR/xhtml1/DTD/xhtml1-transitional.dtd">
<html xmlns="http://www.w3.org/1999/xhtml" xml:lang="en" lang="en">
 <head>
  <title>
</title>
<meta http-equiv="Content-Type" content="text/html;charset=utf-8" />
  <meta name='ocr-system' content='tesseract 3.04.00' />
  <meta name='ocr-capabilities' content='ocr_page ocr_carea ocr_par ocr_line ocrx_word'/>
</head>
<body>
  <div class='ocr_page' id='page_1' title='image "./qhoratiiflaccio04unkngoog_0389.png"; bbox 0 0 3109 4817; ppageno 0'>
   <div class='ocr_carea' id='block_1_1' title="bbox 919 268 1918 333">
    <p class='ocr_par' dir='ltr' id='par_1_1' title="bbox 919 268 1918 333">
     <span class='ocr_line' id='line_1_1' title="bbox 919 268 1918 333; baseline 0.001 -2"><span class='ocrx_word' id='word_1_1' title='bbox 919 268 1671 333; x_wconf 84' lang='lat' dir='ltr'><strong>EPISTULARUM</strong></span> <span class='ocrx_word' id='word_1_2' title='bbox 1733 271 1768 332; x_wconf 92' lang='lat' dir='ltr'>I</span> <span class='ocrx_word' id='word_1_3' title='bbox 1842 271 1918 332; x_wconf 91' lang='lat'><strong>18</strong></span> 
     </span>
    </p>
   </div>
   <div class='ocr_carea' id='block_1_2' title="bbox 301 446 2059 1433">
    <p class='ocr_par' dir='ltr' id='par_1_2' title="bbox 301 446 2006 982">
     <span class='ocr_line' id='line_1_2' title="bbox 301 446 1890 533; baseline 0.001 -23"><span class='ocrx_word' id='word_1_4' title='bbox 301 448 509 532; x_wconf 86' lang='lat' dir='ltr'><strong>gloria</strong></span> <span class='ocrx_word' id='word_1_5' title='bbox 539 470 732 532; x_wconf 90' lang='lat' dir='ltr'><strong>quem</strong></span> <span class='ocrx_word' id='word_1_6' title='bbox 765 469 961 531; x_wconf 90' lang='lat' dir='ltr'><strong>supra</strong></span> <span class='ocrx_word' id='word_1_7' title='bbox 989 446 1163 510; x_wconf 85' lang='lat' dir='ltr'><strong>vires</strong></span> <span class='ocrx_word' id='word_1_8' title='bbox 1195 454 1264 510; x_wconf 88' lang='lat' dir='ltr'><strong>et</strong></span> <span class='ocrx_word' id='word_1_9' title='bbox 1298 448 1500 511; x_wconf 85' lang='lat' dir='ltr'><strong>vestit</strong></span> <span class='ocrx_word' id='word_1_10' title='bbox 1531 454 1601 510; x_wconf 91' lang='lat' dir='ltr'><strong>et</strong></span> <span class='ocrx_word' id='word_1_11' title='bbox 1630 448 1890 533; x_wconf 86' lang='lat' dir='ltr'><strong>unguit,</strong></span> 
     </span>
     <span class='ocr_line' id='line_1_3' title="bbox 303 559 1953 645; baseline 0.002 -24"><span class='ocrx_word' id='word_1_12' title='bbox 303 582 496 644; x_wconf 89' lang='lat' dir='ltr'><strong>quem</strong></span> <span class='ocrx_word' id='word_1_13' title='bbox 533 566 718 623; x_wconf 91' lang='lat' dir='ltr'><strong>tenet</strong></span> <span class='ocrx_word' id='word_1_14' title='bbox 746 560 1004 645; x_wconf 85' lang='lat' dir='ltr'><strong>argenti</strong></span> <span class='ocrx_word' id='word_1_15' title='bbox 1039 559 1184 624; x_wconf 87' lang='lat' dir='ltr'><strong>sitis</strong></span> <span class='ocrx_word' id='word_1_16' title='bbox 1213 560 1567 643; x_wconf 88' lang='lat' dir='ltr'><strong>inportuna</strong></span> <span class='ocrx_word' id='word_1_17' title='bbox 1596 561 1953 645; x_wconf 86' lang='lat' dir='ltr'><strong>famesque,</strong></span> 
     </span>
     <span class='ocr_line' id='line_1_4' title="bbox 306 672 2006 757; baseline 0.001 -23"><span class='ocrx_word' id='word_1_18' title='bbox 306 694 498 757; x_wconf 91' lang='lat' dir='ltr'><strong>quem</strong></span> <span class='ocrx_word' id='word_1_19' title='bbox 528 673 936 757; x_wconf 76' lang='lat' dir='ltr'><strong>paupertatis</strong></span> <span class='ocrx_word' id='word_1_20' title='bbox 967 672 1179 755; x_wconf 90' lang='lat' dir='ltr'><strong>pudor</strong></span> <span class='ocrx_word' id='word_1_21' title='bbox 1209 679 1278 737; x_wconf 87' lang='lat' dir='ltr'><strong>et</strong></span> <span class='ocrx_word' id='word_1_22' title='bbox 1305 673 1486 757; x_wconf 86' lang='lat' dir='ltr'><strong>fuga,</strong></span> <span class='ocrx_word' id='word_1_23' title='bbox 1519 673 1707 737; x_wconf 83' lang='lat' dir='ltr'><strong>dives</strong></span> <span class='ocrx_word' id='word_1_24' title='bbox 1738 672 2006 752; x_wconf 74' lang='lat' dir='ltr'><strong>amicuS,</strong></span> 
     </span>
     <span class='ocr_line' id='line_1_5' title="bbox 304 782 1942 869; baseline 0.001 -21"><span class='ocrx_word' id='word_1_25' title='bbox 304 806 495 869; x_wconf 89' lang='lat' dir='ltr'><strong>saepe</strong></span> <span class='ocrx_word' id='word_1_26' title='bbox 525 785 751 848; x_wconf 88' lang='lat' dir='ltr'><strong>decem</strong></span> <span class='ocrx_word' id='word_1_27' title='bbox 786 782 966 849; x_wconf 86' lang='lat' dir='ltr'><strong>vitiis</strong></span> <span class='ocrx_word' id='word_1_28' title='bbox 995 785 1396 863; x_wconf 74' lang='lat' dir='ltr'><strong>instructior,</strong></span> <span class='ocrx_word' id='word_1_29' title='bbox 1431 785 1573 848; x_wconf 90' lang='lat' dir='ltr'><strong>odit</strong></span> <span class='ocrx_word' id='word_1_30' title='bbox 1600 794 1669 849; x_wconf 88' lang='lat' dir='ltr'><strong>et</strong></span> <span class='ocrx_word' id='word_1_31' title='bbox 1697 785 1942 863; x_wconf 86' lang='lat' dir='ltr'><strong>horret,</strong></span> 
     </span>
     <span class='ocr_line' id='line_1_6' title="bbox 303 896 1820 982; baseline 0.001 -23"><span class='ocrx_word' id='word_1_32' title='bbox 303 905 438 975; x_wconf 89' lang='lat' dir='ltr'><strong>aut,</strong></span> <span class='ocrx_word' id='word_1_33' title='bbox 477 896 532 961; x_wconf 93' lang='lat' dir='ltr'><strong>si</strong></span> <span class='ocrx_word' id='word_1_34' title='bbox 557 904 695 960; x_wconf 85' lang='lat' dir='ltr'><strong>&#39;non</strong></span> <span class='ocrx_word' id='word_1_35' title='bbox 727 897 888 975; x_wconf 91' lang='lat' dir='ltr'><strong>odit,</strong></span> <span class='ocrx_word' id='word_1_36' title='bbox 919 898 1098 982; x_wconf 85' lang='lat' dir='ltr'><strong>regit</strong></span> <span class='ocrx_word' id='word_1_37' title='bbox 1125 919 1202 960; x_wconf 87' lang='lat' dir='ltr'><strong>ac</strong></span> <span class='ocrx_word' id='word_1_38' title='bbox 1231 898 1437 961; x_wconf 86' lang='lat' dir='ltr'><strong>veluti</strong></span> <span class='ocrx_word' id='word_1_39' title='bbox 1469 899 1820 982; x_wconf 85' lang='lat' dir='ltr'><strong>piamater</strong></span> 
     </span>
    </p>

    <p class='ocr_par' dir='ltr' id='par_1_3' title="bbox 303 1009 2059 1433">
     <span class='ocr_line' id='line_1_7' title="bbox 305 1009 2024 1094; baseline 0.001 -23"><span class='ocrx_word' id='word_1_40' title='bbox 305 1010 450 1093; x_wconf 91' lang='lat' dir='ltr'><strong>plus</strong></span> <span class='ocrx_word' id='word_1_41' title='bbox 482 1030 679 1094; x_wconf 90' lang='lat' dir='ltr'><strong>quam</strong></span> <span class='ocrx_word' id='word_1_42' title='bbox 715 1032 786 1073; x_wconf 89' lang='lat' dir='ltr'><strong>se</strong></span> <span class='ocrx_word' id='word_1_43' title='bbox 822 1031 1049 1094; x_wconf 89' lang='lat' dir='ltr'><strong>sapere</strong></span> <span class='ocrx_word' id='word_1_44' title='bbox 1081 1016 1150 1073; x_wconf 91' lang='lat' dir='ltr'><strong>et</strong></span> <span class='ocrx_word' id='word_1_45' title='bbox 1177 1009 1536 1074; x_wconf 84' lang='lat' dir='ltr'><strong>virtutibus</strong></span> <span class='ocrx_word' id='word_1_46' title='bbox 1568 1032 1711 1073; x_wconf 90' lang='lat' dir='ltr'><strong>esse</strong></span> <span class='ocrx_word' id='word_1_47' title='bbox 1743 1010 2024 1094; x_wconf 84' lang='lat' dir='ltr'><strong>priorem</strong></span> 
     </span>
     <span class='ocr_line' id='line_1_8' title="bbox 304 1122 2059 1207; baseline 0.001 -22"><span class='ocrx_word' id='word_1_48' title='bbox 304 1123 450 1185; x_wconf 83' lang='lat' dir='ltr'><strong>vult</strong></span> <span class='ocrx_word' id='word_1_49' title='bbox 477 1130 546 1185; x_wconf 93' lang='lat' dir='ltr'><strong>et</strong></span> <span class='ocrx_word' id='word_1_50' title='bbox 574 1122 669 1184; x_wconf 90' lang='lat' dir='ltr'><strong>ait</strong></span> <span class='ocrx_word' id='word_1_51' title='bbox 698 1144 902 1206; x_wconf 84' lang='lat' dir='ltr'><strong>prope</strong></span> <span class='ocrx_word' id='word_1_52' title='bbox 933 1144 1126 1185; x_wconf 86' lang='lat' dir='ltr'><strong>vera:</strong></span> <span class='ocrx_word' id='word_1_53' title='bbox 1177 1126 1197 1156; x_wconf 90' lang='lat'>‘</span> <span class='ocrx_word' id='word_1_54' title='bbox 1220 1143 1404 1186; x_wconf 91' lang='lat' dir='ltr'><strong>meae</strong></span> <span class='ocrx_word' id='word_1_55' title='bbox 1449 1122 1871 1207; x_wconf 79' lang='lat' dir='ltr'><strong>(contendere</strong></span> <span class='ocrx_word' id='word_1_56' title='bbox 1900 1123 2059 1203; x_wconf 89' lang='lat' dir='ltr'><strong>noli)</strong></span> 
     </span>
     <span class='ocr_line' id='line_1_9' title="bbox 306 1233 2017 1320; baseline 0.002 -23"><span class='ocrx_word' id='word_1_57' title='bbox 306 1233 650 1298; x_wconf 80' lang='lat' dir='ltr'><strong>stultitiam</strong></span> <span class='ocrx_word' id='word_1_58' title='bbox 677 1235 1019 1319; x_wconf 88' lang='lat' dir='ltr'><strong>patiuntur</strong></span> <span class='ocrx_word' id='word_1_59' title='bbox 1049 1256 1242 1319; x_wconf 87' lang='lat' dir='ltr'><strong>opes:</strong></span> <span class='ocrx_word' id='word_1_60' title='bbox 1299 1235 1422 1299; x_wconf 86' lang='lat' dir='ltr'><strong>tibi</strong></span> <span class='ocrx_word' id='word_1_61' title='bbox 1456 1236 1730 1320; x_wconf 88' lang='lat' dir='ltr'><strong>parvula</strong></span> <span class='ocrx_word' id='word_1_62' title='bbox 1758 1257 1862 1299; x_wconf 90' lang='lat' dir='ltr'><strong>res</strong></span> <span class='ocrx_word' id='word_1_63' title='bbox 1894 1243 2017 1300; x_wconf 90' lang='lat' dir='ltr'><strong>est.</strong></span> 
     </span>
     <span class='ocr_line' id='line_1_10' title="bbox 303 1347 2051 1433; baseline 0.002 -25"><span class='ocrx_word' id='word_1_64' title='bbox 303 1355 444 1411; x_wconf 87' lang='lat' dir='ltr'><strong>arta</strong></span> <span class='ocrx_word' id='word_1_65' title='bbox 476 1347 676 1412; x_wconf 81' lang='lat' dir='ltr'><strong>decet</strong></span> <span class='ocrx_word' id='word_1_66' title='bbox 697 1370 929 1411; x_wconf 84' lang='lat' dir='ltr'><strong>sanum</strong></span> <span class='ocrx_word' id='word_1_67' title='bbox 958 1348 1265 1411; x_wconf 88' lang='lat' dir='ltr'><strong>comitem</strong></span> <span class='ocrx_word' id='word_1_68' title='bbox 1297 1356 1488 1433; x_wconf 86' lang='lat' dir='ltr'><strong>toga:</strong></span> <span class='ocrx_word' id='word_1_69' title='bbox 1537 1348 1763 1411; x_wconf 88' lang='lat' dir='ltr'><strong>desine</strong></span> <span class='ocrx_word' id='word_1_70' title='bbox 1792 1370 2051 1412; x_wconf 89' lang='lat' dir='ltr'><strong>mecum</strong></span> 
     </span>
    </p>
   </div>
   <div class='ocr_carea' id='block_1_3' title="bbox 303 1461 2117 1547">
    <p class='ocr_par' dir='ltr' id='par_1_4' title="bbox 303 1461 2117 1547">
     <span class='ocr_line' id='line_1_11' title="bbox 303 1461 2117 1547; baseline 0.002 -25"><span class='ocrx_word' id='word_1_71' title='bbox 303 1466 550 1523; x_wconf 86' lang='lat' dir='ltr'><strong>certare</strong></span> <span class='ocrx_word' id='word_1_72' title='bbox 565 1461 608 1523; x_wconf 92' lang='lat'><strong>’.</strong></span> <span class='ocrx_word' id='word_1_73' title='bbox 713 1461 1104 1546; x_wconf 83' lang='lat' dir='ltr'><strong>Eutrapelus</strong></span> <span class='ocrx_word' id='word_1_74' title='bbox 1139 1461 1522 1547; x_wconf 90' lang='lat' dir='ltr'><strong>cuicumque</strong></span> <span class='ocrx_word' id='word_1_75' title='bbox 1551 1482 1787 1525; x_wconf 88' lang='lat' dir='ltr'><strong>nocere</strong></span> <span class='ocrx_word' id='word_1_76' title='bbox 1821 1462 2117 1540; x_wconf 85' lang='lat' dir='ltr'><strong>volebat,-</strong></span> 
     </span>
    </p>
   </div>
   <div class='ocr_carea' id='block_1_4' title="bbox 301 1572 1977 1657">
    <p class='ocr_par' dir='ltr' id='par_1_5' title="bbox 301 1572 1977 1657">
     <span class='ocr_line' id='line_1_12' title="bbox 301 1572 1977 1657; baseline 0.002 -22"><span class='ocrx_word' id='word_1_77' title='bbox 301 1572 696 1636; x_wconf 87' lang='lat' dir='ltr'><strong>vestimenta</strong></span> <span class='ocrx_word' id='word_1_78' title='bbox 728 1573 930 1637; x_wconf 88' lang='lat' dir='ltr'><strong>dabat</strong></span> <span class='ocrx_word' id='word_1_79' title='bbox 961 1574 1284 1657; x_wconf 87' lang='lat' dir='ltr'><strong>pretiosa:</strong></span> <span class='ocrx_word' id='word_1_80' title='bbox 1335 1579 1354 1608; x_wconf 92' lang='lat'>‘</span> <span class='ocrx_word' id='word_1_81' title='bbox 1373 1574 1609 1637; x_wconf 85' lang='lat' dir='ltr'><strong>beatus</strong></span> <span class='ocrx_word' id='word_1_82' title='bbox 1642 1574 1815 1638; x_wconf 89' lang='lat' dir='ltr'><strong>enim</strong></span> <span class='ocrx_word' id='word_1_83' title='bbox 1844 1575 1977 1638; x_wconf 91' lang='lat' dir='ltr'><strong>iam</strong></span> 
     </span>
    </p>
   </div>
   <div class='ocr_carea' id='block_1_5' title="bbox 301 1686 2092 1773">
    <p class='ocr_par' dir='ltr' id='par_1_6' title="bbox 301 1686 2092 1773">
     <span class='ocr_line' id='line_1_13' title="bbox 301 1686 2092 1773; baseline 0.002 -25"><span class='ocrx_word' id='word_1_84' title='bbox 301 1707 448 1748; x_wconf 91' lang='lat' dir='ltr'><strong>cum</strong></span> <span class='ocrx_word' id='word_1_85' title='bbox 483 1686 769 1769; x_wconf 85' lang='lat' dir='ltr'><strong>pulchris</strong></span> <span class='ocrx_word' id='word_1_86' title='bbox 801 1686 1042 1749; x_wconf 90' lang='lat' dir='ltr'><strong>tunicis</strong></span> <span class='ocrx_word' id='word_1_87' title='bbox 1075 1694 1292 1750; x_wconf 90' lang='lat' dir='ltr'><strong>sumet</strong></span> <span class='ocrx_word' id='word_1_88' title='bbox 1319 1709 1492 1750; x_wconf 88' lang='lat' dir='ltr'><strong>nova</strong></span> <span class='ocrx_word' id='word_1_89' title='bbox 1521 1687 1791 1751; x_wconf 89' lang='lat' dir='ltr'><strong>consilia</strong></span> <span class='ocrx_word' id='word_1_90' title='bbox 1821 1696 1891 1751; x_wconf 89' lang='lat' dir='ltr'><strong>et</strong></span> <span class='ocrx_word' id='word_1_91' title='bbox 1918 1709 2092 1773; x_wconf 78' lang='lat' dir='ltr'><strong>speS,</strong></span> 
     </span>
    </p>
   </div>
   <div class='ocr_carea' id='block_1_6' title="bbox 301 1798 1965 1996">
    <p class='ocr_par' dir='ltr' id='par_1_7' title="bbox 301 1798 1965 1996">
     <span class='ocr_line' id='line_1_14' title="bbox 301 1798 1965 1884; baseline 0.002 -23"><span class='ocrx_word' id='word_1_92' title='bbox 301 1798 580 1863; x_wconf 87' lang='lat' dir='ltr'><strong>dormiet</strong></span> <span class='ocrx_word' id='word_1_93' title='bbox 609 1799 677 1861; x_wconf 92' lang='lat' dir='ltr'><strong>in</strong></span> <span class='ocrx_word' id='word_1_94' title='bbox 709 1800 945 1877; x_wconf 88' lang='lat' dir='ltr'><strong>lucem,</strong></span> <span class='ocrx_word' id='word_1_95' title='bbox 983 1806 1199 1863; x_wconf 91' lang='lat' dir='ltr'><strong>scorto</strong></span> <span class='ocrx_word' id='word_1_96' title='bbox 1231 1805 1587 1884; x_wconf 84' lang='lat' dir='ltr'><strong>postponet</strong></span> <span class='ocrx_word' id='word_1_97' title='bbox 1616 1801 1965 1864; x_wconf 89' lang='lat' dir='ltr'><strong>honestum</strong></span> 
     </span>
     <span class='ocr_line' id='line_1_15' title="bbox 303 1912 1850 1996; baseline 0.001 -22"><span class='ocrx_word' id='word_1_98' title='bbox 303 1912 602 1989; x_wconf 90' lang='lat' dir='ltr'><strong>officium,</strong></span> <span class='ocrx_word' id='word_1_99' title='bbox 633 1933 936 1975; x_wconf 89' lang='lat' dir='ltr'><strong>nummos</strong></span> <span class='ocrx_word' id='word_1_100' title='bbox 971 1912 1217 1976; x_wconf 89' lang='lat' dir='ltr'><strong>alienos</strong></span> <span class='ocrx_word' id='word_1_101' title='bbox 1248 1920 1494 1996; x_wconf 88' lang='lat' dir='ltr'><strong>pascet,</strong></span> <span class='ocrx_word' id='word_1_102' title='bbox 1532 1912 1616 1975; x_wconf 87' lang='lat' dir='ltr'><strong>ad</strong></span> <span class='ocrx_word' id='word_1_103' title='bbox 1644 1914 1850 1976; x_wconf 90' lang='lat' dir='ltr'><strong>imum</strong></span> 
     </span>
    </p>
   </div>
   <div class='ocr_carea' id='block_1_7' title="bbox 303 2024 2113 2109">
    <p class='ocr_par' dir='ltr' id='par_1_8' title="bbox 303 2024 2113 2109">
     <span class='ocr_line' id='line_1_16' title="bbox 303 2024 2113 2109; baseline 0.001 -23"><span class='ocrx_word' id='word_1_104' title='bbox 303 2024 554 2087; x_wconf 83' lang='lat' dir='ltr'><strong>Thraex</strong></span> <span class='ocrx_word' id='word_1_105' title='bbox 593 2026 718 2088; x_wconf 86' lang='lat' dir='ltr'><strong>erit</strong></span> <span class='ocrx_word' id='word_1_106' title='bbox 750 2032 865 2088; x_wconf 91' lang='lat' dir='ltr'><strong>aut</strong></span> <span class='ocrx_word' id='word_1_107' title='bbox 894 2025 1190 2088; x_wconf 88' lang='lat' dir='ltr'><strong>holitoris</strong></span> <span class='ocrx_word' id='word_1_108' title='bbox 1221 2032 1380 2109; x_wconf 88' lang='lat' dir='ltr'><strong>aget</strong></span> <span class='ocrx_word' id='word_1_109' title='bbox 1407 2024 1709 2089; x_wconf 85' lang='lat' dir='ltr'><strong>mercede</strong></span> <span class='ocrx_word' id='word_1_110' title='bbox 1740 2026 2113 2090; x_wconf 87' lang='lat' dir='ltr'><strong>caballum&#39;.</strong></span> 
     </span>
    </p>
   </div>
   <div class='ocr_carea' id='block_1_8' title="bbox 299 2137 2065 4139">
    <p class='ocr_par' dir='ltr' id='par_1_9' title="bbox 299 2137 1947 2336">
     <span class='ocr_line' id='line_1_17' title="bbox 299 2137 1947 2223; baseline 0.001 -24"><span class='ocrx_word' id='word_1_111' title='bbox 299 2160 602 2201; x_wconf 87' lang='lat' dir='ltr'><strong>arcanum</strong></span> <span class='ocrx_word' id='word_1_112' title='bbox 632 2159 848 2222; x_wconf 90' lang='lat' dir='ltr'><strong>neque</strong></span> <span class='ocrx_word' id='word_1_113' title='bbox 879 2144 955 2201; x_wconf 89' lang='lat' dir='ltr'><strong>tu</strong></span> <span class='ocrx_word' id='word_1_114' title='bbox 984 2137 1378 2201; x_wconf 80' lang='lat' dir='ltr'><strong>scrutaberis</strong></span> <span class='ocrx_word' id='word_1_115' title='bbox 1412 2137 1585 2201; x_wconf 89' lang='lat' dir='ltr'><strong>illius</strong></span> <span class='ocrx_word' id='word_1_116' title='bbox 1614 2160 1947 2223; x_wconf 87' lang='lat' dir='ltr'><strong>umquam,</strong></span> 
     </span>
     <span class='ocr_line' id='line_1_18' title="bbox 301 2251 1851 2336; baseline 0.001 -23"><span class='ocrx_word' id='word_1_117' title='bbox 301 2251 850 2335; x_wconf 86' lang='lat' dir='ltr'><strong>commissumque</strong></span> <span class='ocrx_word' id='word_1_118' title='bbox 887 2256 1075 2336; x_wconf 85' lang='lat' dir='ltr'><strong>teges</strong></span> <span class='ocrx_word' id='word_1_119' title='bbox 1108 2257 1178 2313; x_wconf 90' lang='lat' dir='ltr'><strong>et</strong></span> <span class='ocrx_word' id='word_1_120' title='bbox 1205 2252 1362 2314; x_wconf 89' lang='lat' dir='ltr'><strong>vino</strong></span> <span class='ocrx_word' id='word_1_121' title='bbox 1394 2257 1607 2314; x_wconf 91' lang='lat' dir='ltr'><strong>tortus</strong></span> <span class='ocrx_word' id='word_1_122' title='bbox 1638 2258 1708 2314; x_wconf 93' lang='lat' dir='ltr'><strong>et</strong></span> <span class='ocrx_word' id='word_1_123' title='bbox 1733 2251 1851 2314; x_wconf 88' lang='lat' dir='ltr'><strong>ira.</strong></span> 
     </span>
    </p>

    <p class='ocr_par' dir='ltr' id='par_1_10' title="bbox 299 2363 2065 4139">
     <span class='ocr_line' id='line_1_19' title="bbox 303 2363 1939 2447; baseline 0.001 -21"><span class='ocrx_word' id='word_1_124' title='bbox 303 2386 426 2427; x_wconf 91' lang='lat' dir='ltr'><strong>nec</strong></span> <span class='ocrx_word' id='word_1_125' title='bbox 457 2371 572 2427; x_wconf 84' lang='lat' dir='ltr'><strong>tua</strong></span> <span class='ocrx_word' id='word_1_126' title='bbox 598 2364 895 2427; x_wconf 88' lang='lat' dir='ltr'><strong>laudabis</strong></span> <span class='ocrx_word' id='word_1_127' title='bbox 928 2363 1146 2427; x_wconf 88' lang='lat' dir='ltr'><strong>studia</strong></span> <span class='ocrx_word' id='word_1_128' title='bbox 1179 2369 1294 2426; x_wconf 90' lang='lat' dir='ltr'><strong>aut</strong></span> <span class='ocrx_word' id='word_1_129' title='bbox 1323 2364 1534 2427; x_wconf 86' lang='lat' dir='ltr'><strong>aliena</strong></span> <span class='ocrx_word' id='word_1_130' title='bbox 1562 2363 1939 2447; x_wconf 83' lang='lat' dir='ltr'><strong>reprendeS,</strong></span> 
     </span>
     <span class='ocr_line' id='line_1_20' title="bbox 300 2476 1889 2562; baseline 0.001 -23"><span class='ocrx_word' id='word_1_131' title='bbox 300 2498 443 2555; x_wconf 92' lang='lat' dir='ltr'><strong>nec,</strong></span> <span class='ocrx_word' id='word_1_132' title='bbox 475 2498 624 2540; x_wconf 89' lang='lat' dir='ltr'><strong>cum</strong></span> <span class='ocrx_word' id='word_1_133' title='bbox 653 2476 880 2541; x_wconf 84' lang='lat' dir='ltr'><strong>venari</strong></span> <span class='ocrx_word' id='word_1_134' title='bbox 910 2477 1092 2540; x_wconf 87' lang='lat' dir='ltr'><strong>volet</strong></span> <span class='ocrx_word' id='word_1_135' title='bbox 1119 2476 1252 2554; x_wconf 83' lang='lat' dir='ltr'><strong>ille,</strong></span> <span class='ocrx_word' id='word_1_136' title='bbox 1285 2485 1589 2561; x_wconf 89' lang='lat' dir='ltr'><strong>poemata</strong></span> <span class='ocrx_word' id='word_1_137' title='bbox 1618 2498 1889 2562; x_wconf 75' lang='lat' dir='ltr'><strong>pangeS.</strong></span> 
     </span>
     <span class='ocr_line' id='line_1_21' title="bbox 301 2588 2065 2675; baseline 0.001 -24"><span class='ocrx_word' id='word_1_138' title='bbox 301 2589 515 2673; x_wconf 86' lang='lat' dir='ltr'><strong>gratia</strong></span> <span class='ocrx_word' id='word_1_139' title='bbox 545 2590 638 2653; x_wconf 91' lang='lat' dir='ltr'><strong>sic</strong></span> <span class='ocrx_word' id='word_1_140' title='bbox 669 2589 946 2653; x_wconf 84' lang='lat' dir='ltr'><strong>fratrum</strong></span> <span class='ocrx_word' id='word_1_141' title='bbox 976 2590 1410 2673; x_wconf 85' lang='lat' dir='ltr'><strong>geminorum,</strong></span> <span class='ocrx_word' id='word_1_142' title='bbox 1444 2588 1838 2674; x_wconf 88' lang='lat' dir='ltr'><strong>Amphionis</strong></span> <span class='ocrx_word' id='word_1_143' title='bbox 1868 2596 2065 2675; x_wconf 85' lang='lat' dir='ltr'><strong>atque</strong></span> 
     </span>
     <span class='ocr_line' id='line_1_22' title="bbox 299 2702 1692 2787; baseline 0.001 -23"><span class='ocrx_word' id='word_1_144' title='bbox 299 2702 512 2781; x_wconf 87' lang='lat' dir='ltr'><strong>Zethi,</strong></span> <span class='ocrx_word' id='word_1_145' title='bbox 543 2702 850 2780; x_wconf 84' lang='lat' dir='ltr'><strong>dissiluit,</strong></span> <span class='ocrx_word' id='word_1_146' title='bbox 883 2703 1093 2765; x_wconf 86' lang='lat' dir='ltr'><strong>donec</strong></span> <span class='ocrx_word' id='word_1_147' title='bbox 1127 2708 1432 2787; x_wconf 87' lang='lat' dir='ltr'><strong>suspecta</strong></span> <span class='ocrx_word' id='word_1_148' title='bbox 1461 2724 1692 2766; x_wconf 83' lang='lat' dir='ltr'><strong>severo</strong></span> 
     </span>
     <span class='ocr_line' id='line_1_23' title="bbox 303 2816 1827 2899; baseline 0.001 -22"><span class='ocrx_word' id='word_1_149' title='bbox 303 2816 618 2879; x_wconf 90' lang='lat' dir='ltr'><strong>conticuit</strong></span> <span class='ocrx_word' id='word_1_150' title='bbox 645 2816 807 2899; x_wconf 81' lang='lat' dir='ltr'><strong>lyra.</strong></span> <span class='ocrx_word' id='word_1_151' title='bbox 914 2816 1218 2879; x_wconf 84' lang='lat' dir='ltr'><strong>fraternis</strong></span> <span class='ocrx_word' id='word_1_152' title='bbox 1248 2816 1520 2879; x_wconf 84' lang='lat' dir='ltr'><strong>cessisse</strong></span> <span class='ocrx_word' id='word_1_153' title='bbox 1555 2823 1827 2898; x_wconf 89' lang='lat' dir='ltr'><strong>putatur</strong></span> 
     </span>
     <span class='ocr_line' id='line_1_24' title="bbox 301 2927 1848 3013; baseline 0.001 -24"><span class='ocrx_word' id='word_1_154' title='bbox 301 2927 590 2991; x_wconf 89' lang='lat' dir='ltr'><strong>moribus</strong></span> <span class='ocrx_word' id='word_1_155' title='bbox 619 2927 992 3013; x_wconf 89' lang='lat' dir='ltr'><strong>Amphion:</strong></span> <span class='ocrx_word' id='word_1_156' title='bbox 1043 2934 1118 2991; x_wconf 90' lang='lat' dir='ltr'><strong>tu</strong></span> <span class='ocrx_word' id='word_1_157' title='bbox 1148 2928 1308 2991; x_wconf 91' lang='lat' dir='ltr'><strong>cede</strong></span> <span class='ocrx_word' id='word_1_158' title='bbox 1337 2927 1629 3013; x_wconf 88' lang='lat' dir='ltr'><strong>potentis</strong></span> <span class='ocrx_word' id='word_1_159' title='bbox 1658 2930 1848 2992; x_wconf 87' lang='lat' dir='ltr'><strong>amici</strong></span> 
     </span>
     <span class='ocr_line' id='line_1_25' title="bbox 299 3040 1951 3126; baseline 0.002 -24"><span class='ocrx_word' id='word_1_160' title='bbox 299 3040 554 3103; x_wconf 89' lang='lat' dir='ltr'><strong>lenibus</strong></span> <span class='ocrx_word' id='word_1_161' title='bbox 584 3040 897 3125; x_wconf 80' lang='lat' dir='ltr'><strong>imperiiS,</strong></span> <span class='ocrx_word' id='word_1_162' title='bbox 933 3041 1364 3126; x_wconf 85' lang='lat' dir='ltr'><strong>quotiensque</strong></span> <span class='ocrx_word' id='word_1_163' title='bbox 1395 3041 1631 3105; x_wconf 88' lang='lat' dir='ltr'><strong>educet</strong></span> <span class='ocrx_word' id='word_1_164' title='bbox 1657 3043 1727 3105; x_wconf 88' lang='lat' dir='ltr'><strong>in</strong></span> <span class='ocrx_word' id='word_1_165' title='bbox 1757 3064 1951 3125; x_wconf 88' lang='lat' dir='ltr'><strong>agros</strong></span> 
     </span>
     <span class='ocr_line' id='line_1_26' title="bbox 301 3154 1794 3239; baseline 0 -22"><span class='ocrx_word' id='word_1_166' title='bbox 301 3154 553 3218; x_wconf 83' lang='lat' dir='ltr'><strong>Aetolis</strong></span> <span class='ocrx_word' id='word_1_167' title='bbox 591 3163 856 3218; x_wconf 89' lang='lat' dir='ltr'><strong>onerata</strong></span> <span class='ocrx_word' id='word_1_168' title='bbox 885 3155 1098 3239; x_wconf 87' lang='lat' dir='ltr'><strong>plagis</strong></span> <span class='ocrx_word' id='word_1_169' title='bbox 1126 3155 1419 3218; x_wconf 88' lang='lat' dir='ltr'><strong>iumenta</strong></span> <span class='ocrx_word' id='word_1_170' title='bbox 1449 3176 1794 3239; x_wconf 89' lang='lat' dir='ltr'><strong>canesque,</strong></span> 
     </span>
     <span class='ocr_line' id='line_1_27' title="bbox 302 3266 1946 3352; baseline -0.002 -21"><span class='ocrx_word' id='word_1_171' title='bbox 302 3289 497 3352; x_wconf 87' lang='lat' dir='ltr'><strong>surge</strong></span> <span class='ocrx_word' id='word_1_172' title='bbox 530 3274 597 3331; x_wconf 87' lang='lat' dir='ltr'><strong>et</strong></span> <span class='ocrx_word' id='word_1_173' title='bbox 625 3269 1016 3331; x_wconf 87' lang='lat' dir='ltr'><strong>inhumanae</strong></span> <span class='ocrx_word' id='word_1_174' title='bbox 1047 3268 1303 3330; x_wconf 89' lang='lat' dir='ltr'><strong>senium</strong></span> <span class='ocrx_word' id='word_1_175' title='bbox 1331 3266 1589 3349; x_wconf 90' lang='lat' dir='ltr'><strong>depone</strong></span> <span class='ocrx_word' id='word_1_176' title='bbox 1619 3286 1946 3342; x_wconf 88' lang='lat' dir='ltr'><strong>camenae,</strong></span> 
     </span>
     <span class='ocr_line' id='line_1_28' title="bbox 303 3378 1888 3465; baseline -0.001 -24"><span class='ocrx_word' id='word_1_177' title='bbox 303 3401 494 3443; x_wconf 89' lang='lat' dir='ltr'><strong>cenes</strong></span> <span class='ocrx_word' id='word_1_178' title='bbox 525 3387 602 3444; x_wconf 89' lang='lat' dir='ltr'><strong>ut</strong></span> <span class='ocrx_word' id='word_1_179' title='bbox 629 3380 873 3465; x_wconf 87' lang='lat' dir='ltr'><strong>pariter</strong></span> <span class='ocrx_word' id='word_1_180' title='bbox 902 3380 1240 3465; x_wconf 81' lang='lat' dir='ltr'><strong>pulmenta</strong></span> <span class='ocrx_word' id='word_1_181' title='bbox 1269 3378 1599 3441; x_wconf 84' lang='lat' dir='ltr'><strong>laboribus</strong></span> <span class='ocrx_word' id='word_1_182' title='bbox 1631 3382 1888 3461; x_wconf 83' lang='lat' dir='ltr'><strong>empta3</strong></span> 
     </span>
     <span class='ocr_line' id='line_1_29' title="bbox 303 3489 1805 3575; baseline -0.003 -21"><span class='ocrx_word' id='word_1_183' title='bbox 303 3491 615 3555; x_wconf 85' lang='lat' dir='ltr'><strong>Romanis</strong></span> <span class='ocrx_word' id='word_1_184' title='bbox 647 3493 960 3556; x_wconf 89' lang='lat' dir='ltr'><strong>sollemne</strong></span> <span class='ocrx_word' id='word_1_185' title='bbox 990 3490 1150 3555; x_wconf 83' lang='lat' dir='ltr'><strong>viris</strong></span> <span class='ocrx_word' id='word_1_186' title='bbox 1181 3512 1366 3575; x_wconf 77' lang='lat' dir='ltr'><strong>opuS,</strong></span> <span class='ocrx_word' id='word_1_187' title='bbox 1401 3489 1563 3553; x_wconf 89' lang='lat' dir='ltr'><strong>utile</strong></span> <span class='ocrx_word' id='word_1_188' title='bbox 1597 3490 1805 3552; x_wconf 88' lang='lat' dir='ltr'><strong>famae</strong></span> 
     </span>
     <span class='ocr_line' id='line_1_30' title="bbox 304 3602 2011 3689; baseline -0.001 -22"><span class='ocrx_word' id='word_1_189' title='bbox 304 3604 604 3689; x_wconf 78' lang='lat' dir='ltr'><strong>vitaeque</strong></span> <span class='ocrx_word' id='word_1_190' title='bbox 636 3613 705 3669; x_wconf 92' lang='lat' dir='ltr'><strong>et</strong></span> <span class='ocrx_word' id='word_1_191' title='bbox 732 3606 1066 3682; x_wconf 85' lang='lat' dir='ltr'><strong>membris,</strong></span> <span class='ocrx_word' id='word_1_192' title='bbox 1099 3602 1484 3688; x_wconf 88' lang='lat' dir='ltr'><strong>praesertim</strong></span> <span class='ocrx_word' id='word_1_193' title='bbox 1514 3624 1664 3665; x_wconf 92' lang='lat' dir='ltr'><strong>cum</strong></span> <span class='ocrx_word' id='word_1_194' title='bbox 1692 3602 1911 3666; x_wconf 86' lang='lat' dir='ltr'><strong>valeas</strong></span> <span class='ocrx_word' id='word_1_195' title='bbox 1942 3608 2011 3666; x_wconf 89' lang='lat' dir='ltr'><strong>et</strong></span> 
     </span>
     <span class='ocr_line' id='line_1_31' title="bbox 302 3714 1922 3801; baseline -0.001 -21"><span class='ocrx_word' id='word_1_196' title='bbox 302 3718 408 3780; x_wconf 86' lang='lat' dir='ltr'><strong>vel</strong></span> <span class='ocrx_word' id='word_1_197' title='bbox 439 3739 633 3781; x_wconf 88' lang='lat' dir='ltr'><strong>cursu</strong></span> <span class='ocrx_word' id='word_1_198' title='bbox 665 3740 974 3801; x_wconf 89' lang='lat' dir='ltr'><strong>superare</strong></span> <span class='ocrx_word' id='word_1_199' title='bbox 1010 3738 1237 3780; x_wconf 92' lang='lat' dir='ltr'><strong>canem</strong></span> <span class='ocrx_word' id='word_1_200' title='bbox 1267 3716 1376 3779; x_wconf 81' lang='lat' dir='ltr'><strong>vel</strong></span> <span class='ocrx_word' id='word_1_201' title='bbox 1404 3714 1657 3779; x_wconf 86' lang='lat' dir='ltr'><strong>viribus</strong></span> <span class='ocrx_word' id='word_1_202' title='bbox 1688 3718 1922 3799; x_wconf 82' lang='lat' dir='ltr'><strong>aprum</strong></span> 
     </span>
     <span class='ocr_line' id='line_1_32' title="bbox 306 3827 1886 3913; baseline -0.001 -22"><span class='ocrx_word' id='word_1_203' title='bbox 306 3828 535 3913; x_wconf 82' lang='lat' dir='ltr'><strong>possis,</strong></span> <span class='ocrx_word' id='word_1_204' title='bbox 639 3829 829 3907; x_wconf 89' lang='lat' dir='ltr'><strong>adde,</strong></span> <span class='ocrx_word' id='word_1_205' title='bbox 859 3828 1074 3892; x_wconf 85' lang='lat' dir='ltr'><strong>virilia</strong></span> <span class='ocrx_word' id='word_1_206' title='bbox 1105 3828 1282 3913; x_wconf 92' lang='lat' dir='ltr'><strong>quod</strong></span> <span class='ocrx_word' id='word_1_207' title='bbox 1313 3827 1671 3911; x_wconf 88' lang='lat' dir='ltr'><strong>speciosius</strong></span> <span class='ocrx_word' id='word_1_208' title='bbox 1706 3848 1886 3891; x_wconf 90' lang='lat' dir='ltr'><strong>arma</strong></span> 
     </span>
     <span class='ocr_line' id='line_1_33' title="bbox 308 3939 1991 4027; baseline 0.001 -24"><span class='ocrx_word' id='word_1_209' title='bbox 308 3962 439 4004; x_wconf 91' lang='lat' dir='ltr'><strong>non</strong></span> <span class='ocrx_word' id='word_1_210' title='bbox 475 3949 578 4005; x_wconf 88' lang='lat' dir='ltr'><strong>est</strong></span> <span class='ocrx_word' id='word_1_211' title='bbox 608 3944 722 4027; x_wconf 91' lang='lat' dir='ltr'><strong>qui</strong></span> <span class='ocrx_word' id='word_1_212' title='bbox 751 3949 1024 4006; x_wconf 87' lang='lat' dir='ltr'><strong>tractet:</strong></span> <span class='ocrx_word' id='word_1_213' title='bbox 1075 3939 1202 4005; x_wconf 89' lang='lat' dir='ltr'><strong>scis</strong></span> <span class='ocrx_word' id='word_1_214' title='bbox 1239 3962 1369 4025; x_wconf 93' lang='lat' dir='ltr'><strong>quo</strong></span> <span class='ocrx_word' id='word_1_215' title='bbox 1399 3941 1679 4003; x_wconf 91' lang='lat' dir='ltr'><strong>clamore</strong></span> <span class='ocrx_word' id='word_1_216' title='bbox 1716 3961 1991 4004; x_wconf 87' lang='lat' dir='ltr'><strong>coronae</strong></span> 
     </span>
     <span class='ocr_line' id='line_1_34' title="bbox 311 4052 1993 4139; baseline 0.001 -24"><span class='ocrx_word' id='word_1_217' title='bbox 311 4054 552 4135; x_wconf 83' lang='lat' dir='ltr'><strong>proelia</strong></span> <span class='ocrx_word' id='word_1_218' title='bbox 581 4056 903 4120; x_wconf 84' lang='lat' dir='ltr'><strong>sustineas</strong></span> <span class='ocrx_word' id='word_1_219' title='bbox 936 4054 1322 4139; x_wconf 85' lang='lat' dir='ltr'><strong>campestria</strong></span> <span class='ocrx_word' id='word_1_220' title='bbox 1347 4078 1364 4129; x_wconf 82' lang='lat'><em>3</em></span> <span class='ocrx_word' id='word_1_221' title='bbox 1418 4052 1702 4137; x_wconf 84' lang='lat' dir='ltr'><strong>denique</strong></span> <span class='ocrx_word' id='word_1_222' title='bbox 1734 4076 1993 4120; x_wconf 85' lang='lat' dir='ltr'><strong>saevam</strong></span> 
     </span>
    </p>
   </div>
   <div class='ocr_carea' id='block_1_9' title="bbox 2386 268 2512 333">
    <p class='ocr_par' dir='ltr' id='par_1_11' title="bbox 2386 268 2512 333">
     <span class='ocr_line' id='line_1_35' title="bbox 2386 268 2512 333; baseline -0.008 0"><span class='ocrx_word' id='word_1_223' title='bbox 2386 268 2512 333; x_wconf 82' lang='lat'><strong>345</strong></span> 
     </span>
    </p>
   </div>
   <div class='ocr_carea' id='block_1_10' title="bbox 2458 1377 2523 1425">
    <p class='ocr_par' dir='ltr' id='par_1_12' title="bbox 2458 1377 2523 1425">
     <span class='ocr_line' id='line_1_36' title="bbox 2458 1377 2523 1425; baseline 0 -14"><span class='ocrx_word' id='word_1_224' title='bbox 2458 1377 2523 1425; x_wconf 77' lang='lat'><strong>30</strong></span> 
     </span>
    </p>
   </div>
   <div class='ocr_carea' id='block_1_11' title="bbox 2456 1940 2519 1987">
    <p class='ocr_par' dir='ltr' id='par_1_13' title="bbox 2456 1940 2519 1987">
     <span class='ocr_line' id='line_1_37' title="bbox 2456 1940 2519 1987; baseline 0 0"><span class='ocrx_word' id='word_1_225' title='bbox 2456 1940 2519 1987; x_wconf 80' lang='lat'><strong>35</strong></span> 
     </span>
    </p>
   </div>
   <div class='ocr_carea' id='block_1_12' title="bbox 2444 2506 2516 2553">
    <p class='ocr_par' dir='ltr' id='par_1_14' title="bbox 2444 2506 2516 2553">
     <span class='ocr_line' id='line_1_38' title="bbox 2444 2506 2516 2553; baseline 0 -13"><span class='ocrx_word' id='word_1_226' title='bbox 2444 2506 2516 2553; x_wconf 87' lang='lat'><strong>40</strong></span> 
     </span>
    </p>
   </div>
   <div class='ocr_carea' id='block_1_13' title="bbox 2442 3074 2510 3119">
    <p class='ocr_par' dir='ltr' id='par_1_15' title="bbox 2442 3074 2510 3119">
     <span class='ocr_line' id='line_1_39' title="bbox 2442 3074 2510 3119; baseline -0.015 0"><span class='ocrx_word' id='word_1_227' title='bbox 2442 3074 2510 3119; x_wconf 83' lang='lat'><strong>45</strong></span> 
     </span>
    </p>
   </div>
   <div class='ocr_carea' id='block_1_14' title="bbox 2448 3634 2509 3679">
    <p class='ocr_par' dir='ltr' id='par_1_16' title="bbox 2448 3634 2509 3679">
     <span class='ocr_line' id='line_1_40' title="bbox 2448 3634 2509 3679; baseline 0 -13"><span class='ocrx_word' id='word_1_228' title='bbox 2448 3634 2509 3679; x_wconf 77' lang='lat'><strong>50</strong></span> 
     </span>
    </p>
   </div>
  </div>
 </body>
</html>
