3109 4817
638 185 765 249 324
1517 185 1963 250 HORATII

637 363 846 424 sulcos
878 368 946 425 et
974 361 1197 425 vineta
1227 367 1450 445 crepat
1479 382 1679 438 mera,
1712 369 2056 446 praeparat
2085 362 2318 439 ulmea,

632 472 996 536 immoritur
1025 473 1258 537 studiis
1289 480 1356 536 et
1385 495 1603 537 amore
1635 473 1915 537 senescit
1944 473 2251 537 habendi.
2785 487 2812 533 8
2822 500 2847 548 5

634 608 862 649 verum
893 586 1005 649 ubi
1036 608 1191 649 oves
1221 586 1416 664 fui-te,
1450 588 1679 650 morbo
1709 588 1959 671 periere
1992 587 2297 669 capellae,

633 720 816 782 spem
845 699 1121 762 mentita
1150 721 1363 783 segeS‚
1396 700 1515 763 bos
1546 707 1648 764 est
1682 705 1948 763 enectus
1978 697 2242 776 arando,

632 811 917 874 offensus
946 811 1200 874 damnis
1229 812 1446 875 media
1476 812 1559 875 de
1587 819 1783 875 nocte
1813 812 2131 876 caballum

631 923 862 1007 arripit
888 923 1224 1008 iratusque
1258 923 1544 1008 Philippi
1573 924 1788 987 tendit
1816 923 1899 986 ad
1929 923 2147 987 aedes,

632 1058 823 1116 quem
853 1036 1045 1099 simul
1073 1036 1330 1120 aspexit
1357 1037 1656 1100 scabrum
1686 1037 2148 1120 intonsumque
2179 1035 2543 1119 Philippus,
2786 1063 2853 1112 90

633 1152 653 1182 ‘
677 1148 877 1212 durus
898 1150 916 1179 '
947 1149 1061 1227 ait,
1095 1153 1114 1183 ‘
1134 1149 1384 1227 Vultei,
1414 1148 1610 1213 nimis
1639 1155 2061 1234 attentusque
2091 1148 2334 1212 videris

630 1282 771 1324 esse
806 1262 1026 1325 mihi’.
1133 1266 1153 1295 ‘
1177 1262 1285 1346 pol
1313 1283 1419 1325 me
1450 1262 1780 1339 miserum,
1812 1268 2108 1346 patrone,
2139 1283 2428 1337 vocares,

630 1373 685 1436 si
714 1374 915 1437 velles
933 1376 951 1404 ’
981 1374 1198 1459 inquit
1228 1380 1247 1409 ‘
1267 1396 1495 1439 verum
1526 1374 1686 1437 mihi
1715 1396 1960 1459 ponere
1990 1396 2251 1437 nomen.

631 1486 803 1571 quod
839 1494 905 1549 te
935 1509 1052 1570 per
1081 1488 1346 1571 genium
1376 1487 1804 1572 dextramque
1835 1487 2122 1571 deosque
2154 1496 2421 1570 penates

629 1600 897 1663 obsecro
929 1606 997 1663 et
1027 1599 1340 1677 obtestor,
1372 1600 1547 1663 vitae
1580 1622 1685 1662 me
1714 1600 1915 1663 redde
1949 1600 2207 1684 priori’.
2779 1630 2844 1679 95

630 1712 741 1797 qui
771 1712 970 1774 semel
1000 1712 1257 1795 aspexit
1288 1720 1603 1796 quantum
1634 1712 1901 1776 dimissa
1929 1712 2154 1796 petitis

626 1831 982 1909 praestent,
1016 1831 1266 1888 mature
1296 1825 1523 1889 redeat
1551 1832 1938 1910 repetatque
1969 1825 2213 1889 relicta.

623 1938 838 2001 metiri
868 1960 937 2001 se
971 1959 1291 2023 quemque
1322 1960 1438 2001 suo
1469 1938 1732 2001 modulo
1761 1960 1835 2001 ac
1865 1939 2033 2022 pede
2064 1960 2293 2001 verum
2328 1945 2446 2001 est.
