3109 4817
937 182 1684 249 EPISTULARUM
1744 185 1779 247 Ι
1842 187 1877 251 7
2398 184 2527 249 323

309 360 569 424 cultello
599 358 896 444 proprios
926 366 1318 444 purgantem
1348 359 1585 423 leniter
1612 382 1888 445 ungues.

310 476 330 505 ‘
349 471 670 537 Demetri'
716 474 903 557 (puer
930 470 1038 535 hic
1064 494 1200 535 non
1226 472 1412 536 laeve
1441 472 1619 536 iussa
1647 472 1934 558 Philippi

307 586 725 670 accipiebat),
761 590 781 619 ‘
799 586 932 664 abi,
967 606 1202 670 quaere
1235 592 1304 649 et
1331 584 1522 664 refer,
1553 585 1730 649 unde
1759 585 1975 664 dome,
2010 585 2175 671 quie,

308 698 490 763 cuius
518 699 840 777 fortunae,
877 718 1004 783 quo
1037 697 1126 762 sit
1154 704 1340 783 patre
1375 720 1586 783 quove
1616 699 1921 783 patrono'
1930 748 1944 763 .

306 810 383 889 it,
412 810 586 875 redit
615 817 684 875 et
711 817 954 889 narrat,
985 809 1326 874 Vulteium
1356 811 1620 874 nomine
1651 811 1939 890 Menam,
2457 842 2484 889 ς
2495 840 2519 889 ς

307 945 716 1007 praeconem,
748 923 934 987 tenui
963 944 1186 1001 censu,
1218 922 1358 987 sine
1388 922 1681 1001 crimine,
1712 930 1943 987 notum

308 1041 377 1099 et
403 1056 752 1120 properare
777 1036 921 1099 loco
951 1042 1021 1099 et
1049 1055 1301 1099 cessare
1333 1042 1402 1099 et
1432 1057 1741 1119 quaerere
1773 1042 1843 1100 et
1870 1037 1990 1114 uti,

307 1147 705 1233 gaudentem
734 1147 1081 1233 parvisque
1113 1147 1442 1211 sodalibus
1474 1154 1542 1211 et
1571 1148 1707 1211 lare
1738 1155 1918 1212 certo

307 1268 376 1324 et
403 1260 575 1325 ludis
606 1268 676 1324 et
704 1267 855 1345 post
883 1260 1104 1324 decisa
1132 1260 1400 1345 negotia
1429 1281 1679 1345 camp0.

308 1378 329 1407 ‘
353 1373 572 1438 scitari
602 1372 765 1437 libet
794 1395 876 1437 ex
905 1374 1048 1458 ipso
1080 1374 1536 1458 quodcumque
1565 1373 1769 1437 refers
1796 1398 1811 1437 2
1866 1374 1976 1436 dic
2454 1391 2521 1439 60

307 1486 391 1550 ad
420 1508 650 1550 cenam
677 1486 952 1550 veniat’.
1055 1508 1187 1549 non
1219 1507 1376 1550 66116
1408 1485 1673 1549 credere
1702 1486 1926 1563 Mena,

306 1599 526 1662 mirari
556 1620 776 1663 secum
807 1598 1066 1663 tacitae.
1173 1598 1328 1683 quid
1359 1598 1613 1661 multa?
1682 1602 1701 1632 ‘
1726 1592 2043 1683 benigne'

306 1712 678 1797 respondet.
785 1717 803 1745 ‘
824 1718 1028 1796 neget
1055 1711 1163 1775 ille
1193 1711 1356 1773 mihi
1378 1713 1442 1774 ?’
1506 1716 1525 1745 ‘
1541 1718 1747 1795 negat
1774 1711 2091 1795 inprobus
2124 1720 2193 1775 et
2225 1719 2290 1776 te

306 1826 604 1911 neglegit
631 1832 747 1889 aut
773 1826 1030 1888 horret'
1039 1873 1054 1888 .
1156 1823 1495 1888 Vulteium
1524 1845 1717 1888 mane
1748 1823 2091 1908 Philippus
2126 1812 2129 1817 ¹

307 1938 460 2003 vilia
487 1938 886 2003 vendentem
917 1938 1209 2001 tunicato
1239 1941 1459 1999 scruta
1487 1937 1747 2021 popello
2449 1954 2479 2001 6
2488 1968 2515 2016 5

305 2058 580 2135 occupat
608 2057 678 2115 et
705 2052 954 2115 salvere
981 2049 1169 2113 iubet
1197 2048 1393 2133 prior.
1495 2048 1606 2112 ille
1637 2048 1942 2134 Philippo

308 2185 617 2228 excusare
645 2164 940 2227 laborem
971 2169 1041 2226 et
1067 2161 1514 2225 mercennaria
1541 2162 1780 2241 vincla,
1886 2190 1889 2201 ·

307 2276 482 2362 quod
508 2298 643 2340 non
664 2298 856 2339 mane
885 2276 1153 2339 domum
1182 2273 1498 2353 venisset,
1531 2274 1818 2360 denique
1854 2275 2030 2360 quod
2060 2298 2189 2367 11911

309 2388 708 2473 providisset
736 2410 909 2453 eum.
1013 2392 1034 2421 ‘
1054 2388 1148 2451 616
1178 2386 1517 2472 ignovisse
1546 2394 1777 2471 putato

306 2524 411 2566 me
441 2502 587 2582 tibi,
619 2503 676 2566 si
704 2479 897 2566 cenas
927 2501 1122 2565 hodie
1153 2501 1468 2565 mecum’.
1577 2504 1599 2535 ‘
1616 2506 1693 2564 ut
1720 2500 1884 2565 libet
1904 2503 1946 2565 '.
2055 2506 2077 2537 ‘
2100 2524 2258 2587 ergo
2456 2533 2521 2579 70

306 2622 457 2700 post
484 2637 724 2679 nonam
752 2615 1019 2678 venies:
1065 2635 1240 2678 nunc
1269 2613 1318 2691 i,
1351 2636 1491 2678 rem
1522 2620 1827 2678 strenuus
1858 2636 2029 2700 auge
2048 2616 2089 2679 '.

307 2734 382 2792 ut
409 2734 681 2793 ventum
710 2727 794 2790 ad
825 2749 1050 2791 cenam
1082 2733 1204 2805 est,
1235 2726 1512 2803 dicenda
1541 2728 1819 2793 tacenda
1845 2728 2103 2792 locutus

311 2841 575 2905 tandem
605 2840 960 2904 dormitum
990 2838 1367 2904 dimittitur.
1471 2839 1577 2904 hic
1607 2841 1721 2904 ubi
1752 2863 1946 2926 saepe

315 2954 640 3017 occultum
671 2952 852 3017 visus
881 2952 1226 3016 decurrere
1255 2951 1452 3037 piscis
1483 2951 1567 3015 ad
1597 2952 1883 3030 hamum,

305 3088 496 3129 mane
525 3064 726 3129 6116116
756 3072 826 3129 et
850 3064 982 3127 iam
1012 3070 1228 3128 certus
1257 3064 1556 3141 conviva,
1587 3065 1851 3128 iubetur
2451 3095 2478 3140 7
2491 3094 2516 3142 ς

307 3200 458 3241 rura
486 3178 860 3242 suburbana
885 3176 1148 3240 indictis
1179 3198 1396 3239 comes
1424 3176 1520 3239 ire
1553 3176 1826 3239 Latinis.

306 3291 630 3376 inpositus
658 3290 914 3354 mannis
943 3310 1174 3353 arvum
1203 3288 1582 3371 caelumque
1618 3286 1934 3352 Sabinum
2003 3336 2013 3345 .

309 3425 442 3467 non
470 3408 684 3468 cessat
710 3402 994 3466 laudare.
1097 3399 1283 3464 videt
1309 3399 1611 3485 ridetque
1653 3398 2016 3484 Philippus,

309 3523 378 3579 et
407 3515 538 3580 sibi
570 3516 727 3579 dum
756 3516 1072 3601 requiem,
1104 3513 1260 3576 dum
1289 3512 1460 3575 risus
1489 3512 1779 3598 undique
1812 3512 2084 3596 quaerit,

309 3628 467 3691 dum
497 3635 750 3713 septem
780 3629 982 3692 donat
1009 3626 1332 3703 sestertia,
1363 3632 1593 3690 mutua
1620 3632 1874 3709 septem
2448 3638 2517 3686 80

310 3740 656 3825 promittit,
688 3740 1038 3825 persuadet
1065 3740 1168 3804 uti
1195 3744 1522 3801 mercetur
1548 3738 1855 3822 agellum.

309 3861 653 3917 mercatur.
759 3876 842 3917 ne
873 3859 941 3917 te
969 3853 1186 3939 longis
1215 3850 1603 3935 ambagibus
1634 3851 1805 3915 ultra

314 3988 507 4051 quam
536 3967 694 4031 satis
725 3972 828 4031 est
854 3987 1094 4045 morer,
1127 3988 1210 4030 ex
1239 3963 1451 4027 m'tido
1481 3963 1560 4026 fit
1586 3963 1868 4027 rusticus
1898 3968 2096 4047 atque
