3109 4817
402 4699 521 4722 Η

654 151 775 216 142

1512 157 1952 223 HORATII

945 335 1340 415 campestres
1367 331 1600 396 melius
1635 331 1938 417 Scythae,

947 463 1221 528 quorum
1249 443 1538 528 plaustra
1565 465 1768 531 vagas
1796 446 1921 511 rite
1951 448 2222 513 trahunt
2249 449 2497 530 domos,

943 555 1182 620 vivunt
1208 563 1280 620 et
1306 556 1506 642 rigidi
1535 558 1761 638 Getae,

942 669 1259 734 inmetata
1288 669 1523 755 quibus
1551 671 1782 757 iugera
1807 673 2045 738 liberas

940 781 1163 868 fruges
1192 789 1262 847 et
1294 781 1597 848 Cererem
1625 783 1863 864 ferunt,

940 915 1063 958 nec
1092 895 1346 959 cultura
1373 897 1592 980 placet
1617 896 1879 982 longior
1905 918 2142 977 annua,

941 1006 1450 1093 defunctumque
1477 1008 1810 1074 laboribus

940 1120 1195 1205 aequali
1222 1128 1475 1186 recreat
1503 1127 1680 1186 sorte
1707 1121 2010 1188 vicarius.

936 1232 1068 1296 illic
1095 1239 1304 1297 matre
1332 1233 1705 1298 carentibus

934 1344 1256 1430 privignis
1284 1345 1516 1410 mulier
1543 1352 1867 1430 temperat
1891 1345 2226 1426 innocens,

936 1478 1059 1522 nec
1087 1457 1312 1523 dotata
1338 1458 1515 1544 regit
1540 1458 1756 1524 virum

938 1571 1221 1635 coniunx
1247 1591 1369 1635 nec
1396 1570 1608 1635 nitido
1637 1571 1783 1636 fidit
1808 1572 2124 1636 adultere.

935 1682 1055 1747 dos
1085 1690 1187 1748 est
1214 1705 1453 1768 magna
1477 1682 1845 1769 parentium
2047 1665 2057 1674 ’

934 1795 1145 1860 virtus
1175 1801 1245 1860 et
1270 1803 1570 1861 metuens
1604 1795 1869 1860 alterius
1898 1795 2026 1862 viri

936 1915 1117 1974 certo
1146 1908 1404 1973 foedere
1434 1908 1723 1987 castitas,

936 2028 1006 2086 et
1033 2043 1301 2106 peccare
1330 2021 1513 2086 nefas
1542 2027 1658 2085 aut
1684 2020 1968 2105 pretium
1999 2026 2101 2085 est
2127 2021 2314 2086 mori.

933 2155 975 2197 o
1005 2133 1297 2219 quisquis
1326 2135 1508 2198 volet
1532 2133 1766 2217 impias

934 2245 1166 2310 caedes
1196 2252 1266 2310 et
1291 2247 1539 2310 rabiem
1571 2244 1798 2308 tollere
1829 2242 2123 2323 civicam,

935 2357 991 2422 si
1022 2365 1291 2443 quaeret
1318 2365 1505 2443 pater
1532 2356 1794 2422 urbium

934 2471 1256 2536 subscribi
1285 2471 1541 2549 statuis,
1571 2468 1956 2534 indomitam
1983 2467 2220 2532 audeat

929 2583 1255 2648 rofi-enare
1281 2583 1633 2661 licentiam,
1919 2645 1926 2650 .

930 2696 1140 2761 clarus
1168 2703 1321 2783 post
1348 2695 1627 2782 genitis:
1683 2701 2025 2781 quatenus,
2057 2693 2187 2758 heu
2213 2694 2416 2774 nefas,

931 2808 1243 2874 virtutem
1272 2810 1662 2874 incolumem
1693 2807 1970 2886 odimus,

932 2922 1255 2986 sublatam
1286 2944 1369 2987 ex
1398 2921 1600 2986 oculis
1632 2919 1999 3006 quaerimus
2027 2919 2256 2985 invidi.

935 3034 1088 3119 quid
1120 3034 1342 3099 tristes
1374 3033 1833 3119 querimoniae,

929 3144 985 3209 si
1012 3167 1145 3210 non
1176 3146 1490 3231 supplicio
1520 3147 1710 3230 culpa
1737 3145 2068 3224 reciditur,

932 3257 1086 3342 quid
1116 3258 1299 3344 leges
1329 3258 1469 3322 sine
1498 3257 1789 3322 moribus

930 3393 1136 3436 vanae
1165 3372 1534 3456 proficiunt,
1568 3372 1623 3436 si
1651 3392 1865 3456 neque
1895 3370 2163 3436 fervidis

928 3506 1075 3569 pars
1104 3483 1354 3548 inclusa
1382 3483 1702 3548 caloribus

926 3595 1153 3661 mundi
1182 3617 1303 3660 nec
1332 3597 1567 3661 boreae
1597 3594 1945 3659 finitimum
1973 3596 2144 3660 latus

928 3710 1323 3795 durataeque
1351 3709 1487 3774 solo
1515 3709 1703 3773 nives

926 3827 1351 3887 mercatorem
1379 3822 1678 3908 abigunt,
1709 3821 1973 3885 horrida
2000 3820 2214 3885 callidi

928 3934 1203 3999 vincunt
1229 3955 1510 4019 aequora
1538 3934 1822 4012 navitae,

2773 2728 2834 2776 30

2775 3291 2833 3337 35
