3109 4817
638 201 757 264 188

1503 200 1948 265 HORATII

927 379 1033 442 vel
1065 377 1421 442 occidentis
1450 401 1661 464 usque
1691 378 1774 442 ad
1804 379 2107 443 ultimum
2138 380 2352 443 sinum

929 490 1081 553 forti
1111 512 1457 576 sequemur
1486 497 1772 575 pectore.

929 623 1146 688 roges,
1178 610 1362 666 tuum
1391 604 1614 667 labore
1647 604 1803 688 quid
1831 605 2051 668 iuvem
2081 625 2229 668 meo

926 719 1186 783 inbellis
1215 741 1290 783 ac
1318 719 1542 784 firmus
1573 741 1840 804 parum:

929 853 1145 895 comes
1174 832 1423 896 minore
1452 855 1597 897 sum
1627 833 1883 898 futurus
1910 833 1980 896 in
2009 841 2212 912 metu,

932 944 1044 1028 qui
1070 945 1275 1008 maior
1302 946 1592 1009 absentis
1622 946 1859 1022 habet;

928 1061 1004 1119 ut
1030 1055 1323 1120 assidens
1351 1057 1752 1142 inplumibus
1781 1059 1977 1143 pullis
2006 1060 2147 1123 avis

928 1170 1328 1254 serpentium
1357 1171 1640 1254 allapsus
1671 1170 1862 1235 timet

929 1282 1141 1367 magis
1170 1282 1433 1361 relictis,
1464 1305 1621 1361 non,
1654 1291 1728 1346 ut
1756 1284 1948 1363 adsit,
1979 1285 2177 1348 auxili

929 1395 1138 1458 latura
1165 1396 1310 1480 plus
1340 1396 1813 1481 praesentibus,

928 1507 1207 1572 libenter
1234 1508 1356 1571 hoc
1387 1515 1455 1572 et
1484 1530 1677 1572 omne
1705 1509 2092 1574 militabitur

927 1620 1171 1683 bellum
1199 1620 1268 1684 in
1300 1629 1450 1685 tuae
1481 1644 1667 1707 spem
1695 1623 1969 1707 gratiae,

926 1755 1059 1797 non
1090 1740 1164 1796 ut
1191 1733 1484 1798 iuvencis
1512 1735 1767 1820 illigata
1794 1736 2088 1820 pluribus

929 1852 1141 1909 aratra
1169 1846 1464 1911 nitantur
1491 1870 1659 1926 mea,

927 1980 1209 2044 pecusve
1243 1958 1531 2023 Calabris
1562 1969 1715 2024 ante
1746 1960 1924 2025 sidus
1954 1961 2277 2024 fervidum

929 2072 1192 2136 Lucana
1219 2078 1431 2136 mutet
1460 2075 1738 2157 pascuiS,

926 2207 1141 2269 neque
1169 2191 1245 2249 ut
1273 2185 1536 2269 superni
1565 2186 1721 2250 villa
1748 2185 2031 2250 candens
2063 2185 2325 2250 Tusculi

931 2297 1193 2362 Circaea
1220 2305 1453 2383 tangat
1479 2299 1756 2362 moenia.
1972 2277 1979 2283 ²

929 2409 1085 2475 satis
1115 2432 1438 2496 superque
1468 2434 1574 2475 me
1606 2410 1980 2496 benignitas
2012 2418 2126 2475 tua

927 2522 1198 2587 ditavit:
1245 2524 1406 2587 haut
1434 2545 1750 2608 paravero

928 2636 1101 2720 quod
1130 2643 1244 2700 aut
1271 2659 1503 2701 avarus
1532 2642 1610 2700 ut
1643 2635 1952 2700 Chremes
1983 2642 2156 2700 terra
2186 2656 2496 2719 premam,

926 2748 1277 2813 discinctus
1307 2757 1420 2813 aut
1449 2749 1717 2834 perdam
1746 2770 1972 2832 nepos.

2765 2325 2830 2373 30
