3109 4817
938 157 1507 224 CARMINUM
1569 159 1698 223 III
1759 161 1798 222 5

552 333 899 419 perniciem
926 333 1201 399 veniens
1227 335 1298 398 in
1326 354 1586 410 aevum,

552 447 605 511 si
630 469 763 511 non
793 447 1039 532 periret
1064 446 1543 525 inmiserabilis,

550 559 807 645 captiva
834 560 1066 645 pubes.
1172 565 1193 595 ‘
1224 560 1415 646 signa
1442 581 1572 646 ego
1602 557 1866 624 Punicis

550 671 761 734 adfixa
788 671 1079 737 delubris
1108 679 1178 736 et
1204 695 1385 736 arma

549 783 863 848 militibus
892 783 1033 850 sine
1062 783 1259 850 caede
1280 787 1300 816 ’
1331 783 1501 848 dixit

552 899 571 928 ‘
591 895 867 982 derepta
892 896 1072 974 vidi;
1116 897 1257 962 vidi
1285 918 1411 983 ego
1440 896 1682 961 civium

551 1013 797 1072 retorta
824 1015 1015 1094 tergo
1043 1009 1343 1074 bracchia
1370 1009 1576 1074 libero

556 1127 905 1206 portasque
932 1143 1067 1186 non
1095 1121 1367 1202 clausas,
1398 1130 1469 1188 et
1494 1143 1654 1186 arva

554 1232 771 1299 Marte
800 1235 925 1300 ooli
951 1236 1262 1321 populata
1288 1243 1535 1302 nostro,

555 1367 709 1410 auro
736 1367 1053 1432 repensus
1082 1349 1331 1414 seilicet
1357 1349 1568 1413 acrior

556 1458 743 1524 miles
770 1459 1033 1525 redibit.
1136 1461 1387 1546 flagitio
1416 1461 1658 1526 additis

558 1571 900 1636 damnum:
948 1595 1162 1659 neque
1190 1574 1463 1638 amissos
1492 1574 1740 1639 colores

562 1683 709 1747 lans
734 1685 939 1750 refert
964 1686 1287 1751 medioata
1314 1686 1484 1765 fu00,

560 1817 680 1860 neo
707 1819 867 1861 vera
892 1798 1126 1878 virtus,
1156 1821 1306 1864 cum
1336 1799 1537 1863 semel
1569 1798 1832 1877 excidit,

564 1916 745 1974 curat
772 1911 1001 1996 reponi
1031 1911 1485 1976 deterioribus.

562 2021 619 2084 si
647 2028 903 2108 pugnat
933 2023 1251 2089 exn-icam
1275 2023 1497 2088 densis

565 2153 756 2198 cerva
784 2135 1021 2220 plagis,
1052 2136 1179 2199 erit
1205 2135 1315 2199 ille
1344 2135 1531 2200 fortis

566 2245 675 2330 qui
702 2245 969 2331 perfidis
998 2269 1069 2312 se
1098 2247 1379 2311 credidit
1406 2248 1729 2325 hostibus,

568 2363 635 2420 et
662 2357 879 2422 Marte
910 2358 1167 2424 Poenos
1194 2366 1487 2445 proteret
1512 2361 1718 2425 altero

570 2469 677 2553 qui
706 2471 846 2534 lora
870 2471 1189 2536 restrictis
1218 2472 1477 2536 lacertis

567 2581 771 2646 sensit
796 2582 974 2648 iners
1004 2583 1352 2671 timuitque
1380 2590 1680 2648 mortem.

566 2692 669 2758 hio
698 2694 873 2759 unde
904 2695 1110 2760 vitam
1139 2703 1427 2761 sumeret
1454 2695 1698 2760 inscius
1755 2685 1760 2692 ¹

567 2827 793 2890 paoem
821 2806 1041 2872 duello
1068 2807 1351 2873 miscuit.
1454 2829 1493 2871 o
1522 2808 1734 2893 pudor
1761 2809 1775 2873 !

567 2939 607 2982 o
632 2941 877 3004 magna
910 2917 1237 3006 Carthago
1265 2920 1596 3006 probrosis

566 3031 756 3095 altior
782 3031 1015 3096 Italiae
1042 3032 1248 3097 ruinis
1271 3033 1315 3097 1³

570 3142 773 3207 fertur
802 3143 1075 3228 pudicae
1105 3145 1401 3230 coniugis
1431 3145 1723 3209 osculum

566 3276 933 3340 parvosque
962 3263 1154 3321 natos
1182 3263 1260 3320 ut
1287 3257 1519 3341 capitis
1546 3257 1763 3320 minor

570 3367 649 3430 ab
679 3389 751 3431 se
784 3368 1141 3432 removisse
1171 3375 1241 3433 et
1268 3368 1523 3433 virilem

572 3483 797 3543 torvus
824 3479 1009 3542 humi
1037 3479 1331 3564 posuisse
1360 3481 1640 3560 vultum,

570 3589 775 3655 donec
802 3591 1087 3656 labantis
1116 3591 1385 3657 oonsilio
1414 3599 1635 3678 patres

572 3703 859 3768 firmaret
886 3712 1113 3769 auctor
1140 3727 1498 3791 numquam
1526 3703 1686 3770 alias
1715 3703 1893 3782 dato,

571 3813 871 3902 interque
898 3817 1250 3882 maerentis
1278 3817 1519 3881 amieos

576 3929 883 4014 egregius
913 3935 1295 4014 properaret
1324 3929 1493 3995 exul.

2324 155 2440 219 111

2398 2499 2459 2548 35

2401 3621 2468 3670 45
